3308 5004
721 309 851 373 ⁴58
1634 323 1716 370 m:
1761 324 1819 370 s.
1870 320 2173 371 nommco
2898 304 3085 372 Anu.
3132 304 3165 371 l

620 409 870 481 lectulo
925 410 1178 499 jacere.
1223 406 1395 477 Inde
1439 407 1678 477 accitis
1725 406 2090 477 duodecim
2161 408 2383 498 magis
2440 430 2522 480 ex
2613 408 2738 479 rtis
2790 405 3116 480 fratribus
3146 461 3161 489 ,

614 499 829 569 Priori
860 499 1112 569 domus
1136 501 1207 566 F.
1240 498 1599 578 Venturae,
1640 494 1881 567 multis
1909 495 2384 568 sacerdotibus
2416 520 2508 568 au
2563 497 2891 579 tentibus,
2925 495 3161 567 omnia

703 599 896 658 ccata
941 609 1067 657 sua
1094 584 1504 677 generaliter
1539 597 1643 655 est
1688 583 2071 665 confessus,
2109 584 2419 673 dixitque
2451 588 2591 655 eis:
2638 609 2676 653 «
2706 590 2800 656 En
2838 607 3064 674 usque
3099 583 3161 654 in

666 699 797 746 anc
844 676 1083 746 horam
1137 695 1346 745 carne
1393 675 1874 764 incorruptum
1943 695 2051 744 me
2114 674 2228 744 Dei
2295 674 2770 745 misericordia
2820 673 3157 755 servavit,

614 765 1090 853 illibatamque
1160 763 1332 833 mihi
1405 762 1818 854 virginitatis
1884 762 2298 833 munditiam
2373 763 2766 834 custodivit.
2845 767 3033 847 Quae
3095 775 3167 832 ut

612 855 818 924 etiam
854 855 923 924 in
954 853 1146 924 vobis
1172 851 1498 922 inviolata
1541 865 1960 941 permaneat,
1996 849 2458 922 foeminarum
2499 853 2816 923 omnium
2846 865 3168 942 suspecta

610 943 815 1013 vitate
860 941 1227 1013 consortia.
1266 941 1359 1010 Ea
1408 952 1689 1019 retenta,
1724 962 1963 1010 servus
1989 941 2235 1012 Christi
2270 941 2443 1012 vitae
2485 954 2884 1033 paupertate
2927 953 3164 1034 gratus

612 1032 901 1113 Christo,
953 1045 1019 1102 et
1063 1031 1285 1101 bonae
1332 1027 1555 1099 famae
1601 1028 1809 1099 odore
1858 1028 2255 1101 fructuosus
2295 1030 2427 1101 erit
2470 1030 2828 1120 proximis.
2862 1030 3162 1120 Spiritus

610 1120 833 1192 servor
879 1141 1150 1209 semper
1199 1130 1474 1188 maneat
1519 1118 1589 1186 in
1624 1117 1838 1197 vobis,
1891 1132 1956 1187 et
2004 1118 2285 1188 ferventi
2335 1143 2367 1190 s
2421 1120 2588 1190 iritu
2640 1125 2771 1190 Deo
2825 1119 3160 1219 perpetim

610 1211 877 1280 servite.
931 1206 1398 1278 Promovendo
1444 1219 1509 1276 et
1558 1206 2008 1297 propagando
2047 1207 2210 1277 huic
2256 1211 2346 1278 Or
2401 1209 2496 1277 ini
2545 1208 2697 1279 sitis
2729 1208 2997 1278 intenti:
3033 1221 3166 1277 sta·

610 1297 784 1369 biles
830 1299 902 1368 in
953 1296 1336 1377 sanctitate,
1390 1309 1813 1386 perseverate
1845 1296 1916 1365 in
1961 1296 2337 1367 monastico
2387 1298 2701 1368 instituto
2732 1310 2797 1367 et
2831 1297 3160 1367 virtutum

609 1388 923 1458 omnium
976 1385 1474 1455 incremento.»

696 1478 733 1562 ξ
786 1482 873 1547 8.
928 1480 1005 1543 Et
1040 1474 1203 1561 quia
1250 1496 1332 1543 ex
1379 1472 1613 1542 divina
1656 1472 2065 1544 revelatione
2111 1473 2445 1545 didicerat
2494 1496 2564 1544 se
2602 1496 2639 1543 e
2691 1495 2978 1564 corpore
3009 1475 3161 1544 abi-

611 1576 871 1642 turum,
914 1561 1244 1633 fratribus
1291 1584 1523 1633 coram
1573 1583 1645 1632 se
1685 1561 2142 1652 congregatiS,
2200 1576 2681 1634 testamentum
2733 1561 2913 1645 fecit,
2969 1562 3156 1651 quod

610 1652 785 1722 nulli
837 1662 1104 1722 mutare
1160 1650 1264 1720 sas
1310 1664 1455 1730 est,
1530 1652 1869 1720 testatoris
1944 1651 2129 1721 enim
2193 1665 2408 1722 morte
2470 1652 2957 1722 confirmatum
3026 1665 3154 1724 est.

614 1768 640 1805 ι
679 1747 860 1811 Haec
906 1753 1091 1821 sunt,
1137 1741 1380 1831 inquit,
1427 1739 1669 1809 fratres
1699 1752 1767 1808 et
1813 1739 1940 1810 filii
1989 1738 2409 1823 charissimi,
2455 1762 2633 1828 quae
2673 1741 2865 1812 vobis
2921 1742 3163 1810 haere-

608 1829 856 1900 ditario
893 1831 1053 1919 jure
1088 1828 1505 1918 possidenda
1555 1827 1912 1916 relinquo:
1971 1828 2278 1900 Charitas
2323 1830 2413 1898 sit
2457 1830 2528 1898 in
2584 1829 2813 1899 vobis:
2866 1828 3156 1900 humili-

610 1931 813 1989 tatem
859 1917 1244 1998 sectamini,
1308 1917 1693 2007 paupertati
1742 1917 2167 1987 voluntariae
2226 1918 2516 1988 studete.
2560 1942 2596 1985 »
2635 1923 2778 1988 Non
2828 1931 2977 1989 erat
3016 1918 3158 1989 illic

605 2019 969 2099 argentum
1019 2017 1087 2076 et
1131 2028 1407 2086 aurum,
1451 2017 1570 2075 aut
1616 2006 1899 2092 quaevis
1934 2019 2238 2077 terrenae
2287 2005 2670 2087 facultates,
2720 2006 2904 2075 unde
2953 2020 3157 2077 testa·

610 2108 919 2165 mentum
968 2095 1313 2164 conderet.
1390 2094 1583 2177 Quod
1631 2108 1860 2164 autem
1930 2095 2174 2165 habuit
2235 2094 2369 2165 fide
2434 2095 2766 2185 locuples,
2822 2095 2951 2166 hoc
3017 2095 3158 2166 illis

606 2183 897 2276 legavit:
937 2205 1187 2274 nempe
1217 2181 1493 2252 divitias
1540 2183 1809 2265 salutiS‚
1865 2183 2219 2254 thesauros
2266 2183 2615 2265 coelestes,
2666 2197 2732 2252 et
2777 2206 2946 2275 opes
2981 2208 3159 2255 nun-

603 2294 813 2359 quam
864 2273 1228 2363 perituras,
1331 2273 1538 2343 uibus
1592 2271 1790 2343 illum
1828 2272 2225 2344 abundasse
2273 2273 2407 2342 vita
2468 2273 2909 2343 sanctissima
2948 2285 3154 2344 testa-

606 2372 739 2444 tur,
779 2363 1025 2433 docent
1052 2384 1294 2451 exemp
1325 2384 1388 2442 a,
1446 2360 1781 2431 miracula
1814 2361 2254 2431 confirmant.
2289 2367 2381 2432 Ne
2411 2375 2639 2432 autem
2682 2374 3157 2451 paupertatem

602 2452 1110 2543 Evangelicam,
1150 2449 1634 2521 firmissimum
1686 2450 1897 2541 hujus
1936 2450 2232 2522 instituti
2266 2449 2826 2532 fundamentum,
2866 2450 3159 2522 inimica

605 2546 738 2612 Deo
784 2542 1016 2612 carnis
1063 2541 1399 2632 sapientia
1446 2552 1722 2621 evertat,
1760 2552 2020 2627 quanta
2082 2541 2300 2630 potuit
2362 2541 2716 2610 severitate
2767 2540 3149 2629 prohibuit,

602 2652 689 2700 ne
727 2631 886 2717 quis
936 2630 1404 2722 possessiones
1441 2627 1850 2717 temporales
1877 2629 2115 2698 Ordini
2154 2629 2450 2709 invehat,
2506 2629 2698 2697 omni
2750 2629 3002 2700 otentis
3038 2631 3156 2700 Dei

558 2740 565 2747 ’
601 2732 668 2789 et
697 2742 896 2789 suam
952 2718 1502 2788 maledictionem
1530 2717 1593 2787 ei
1626 2717 2020 2787 terribiliter
2057 2717 2427 2798 intentans,
2452 2718 2575 2805 qui
2599 2721 2690 2787 Or
2743 2719 3158 2789 inemPrae-

601 2807 1012 2887 dicatorum,
1065 2829 1273 2893 quem
1310 2805 1409 2875 vel
1449 2805 1745 2875 maxime
1769 2816 1969 2875 ornat
1996 2807 2418 2896 paupertatis
2447 2805 2799 2897 professi0,
2841 2819 3157 2879 terrenae

601 2896 1028 2965 substantiae
1127 2895 1357 2964 ulvere
1404 2916 1618 2963 ausus
1654 2893 1860 2964 suerit
1890 2894 2284 2964 obscurare.

689 2986 727 3070 ξ
773 2988 865 3055 8.
920 2988 996 3053 In
1049 2917 1198 3052 (Res
1250 2982 1766 3073 ingravescente
1812 2982 2099 3052 adversa
2163 2982 2577 3065 valetudine,
2631 2983 2760 3053 filii
2796 2983 2882 3053 de
2932 2984 3154 3072 patris

601 3070 824 3141 salute
871 3071 1145 3151 soliciti,
1183 3070 1379 3140 illum
1422 3070 1505 3139 ad
1542 3083 1850 3142 sanctam
1883 3072 2165 3140 Mariam
2214 3073 2284 3140 in
2329 3084 2630 3142 montem
2665 3072 3149 3163 deportarunt,

599 3181 679 3227 ea
715 3181 862 3250 spe,
926 3159 1108 3247 quod
1168 3171 1446 3250 propter
1492 3158 1624 3229 loci
1690 3158 2161 3230 salubritatem
2215 3173 2442 3250 posset
2513 3161 2951 3231 revalescere.
3017 3162 3157 3232 Sed

601 3247 718 3316 ille
766 3250 990 3339 magis
1023 3248 1228 3318 etiam
1266 3248 1529 3318 viribus
1585 3247 1976 3329 destitutus,
2031 3271 2190 3319 cum
2242 3250 2522 3319 sentiret
2566 3252 2877 3340 corporis
2921 3250 3150 3321 disso-

600 3335 931 3407 lutionem
986 3337 1370 3418 imminere,
1403 3336 1704 3407 Priorem
1740 3336 1826 3406 ad
1860 3359 1935 3407 se
1968 3337 2194 3407 vocari
2225 3339 2457 3425 jussit.
2491 3339 2685 3409 Venit
2723 3339 2862 3420 ille,
2894 3352 3154 3409 etcum

598 3446 678 3494 eo
719 3425 958 3516 viginti
993 3426 1260 3506 fratres,
1314 3438 1575 3516 patrem
1626 3448 1913 3516 aegrum
1949 3426 2242 3497 invisere
2288 3428 2671 3515 cupientes.
2710 3428 2978 3511 Quibus
3026 3427 3152 3498 ille

598 3513 1019 3585 decumbens
1064 3514 1607 3586 concionabatur
1635 3515 1932 3606 egregie.
1986 3521 2293 3603 Cumque
2343 3516 2762 3598 rescivisset,
2814 3517 2964 3606 ejus
3013 3517 3154 3587 loci

596 3603 1016 3761 praefectum
1066 3604 1236 3674 velle
1266 3604 1498 3694 ipsum
1520 3604 1593 3673 in
1642 3626 1771 3674 sua
1800 3604 2090 3675 ecclesia
2138 3605 2449 3686 humare,
2467 3627 2628 3677 cum
2666 3605 2882 3675 multa
2913 3605 3157 3675 humi-

624 3692 786 3762 itate
830 3708 896 3762 et
930 3692 1464 3763 mansuetudine
1495 3692 1702 3763 dixit:
1740 3692 1950 3775 Absit,
1985 3708 2062 3764 ut
2080 3717 2206 3784 ego
2232 3694 2396 3764 alibi
2445 3694 2764 3784 sepeliar,
2802 3715 3013 3781 quam
3055 3693 3153 3764 ad

597 3781 805 3873 pedes
829 3781 1118 3852 fratrum
1158 3803 1493 3863 meorum;
1534 3803 1825 3869 moxque
1864 3782 2218 3854 charitatis
2248 3795 2314 3853 et
2342 3783 2530 3872 pacis
2561 3783 3149 3865 studiosissimuS,

595 3893 832 3941 cavere
858 3871 1115 3953 volem,
1157 3892 1240 3940 ne
1265 3869 1367 3941 vel
1406 3883 1636 3960 optato
1658 3870 2093 3941 fraudaretur
2117 3871 2454 3962 sepulcro,
2494 3870 2592 3940 vel
2629 3871 2937 3943 fortassis
2981 3894 3159 3942 con-

597 3961 807 4029 tentio
866 3982 948 4030 ea
1008 3960 1220 4030 causa
1283 3959 1630 4030 oriretur:
1686 3965 1889 4030 Foras
1942 3982 2086 4041 me,
2141 3960 2402 4047 inquit,
2455 3960 2726 4040 efferte,
2790 3972 2866 4030 ut
2924 3960 2992 4029 in
3049 3961 3158 4030 vi-

598 4070 724 4117 nea
773 4048 893 4118 illa
942 4050 1072 4121 sub
1131 4048 1249 4118 dio
1297 4048 1620 4129 moriens,
1677 4049 1934 4139 possim
2000 4050 2067 4118 in
2121 4062 2344 4118 vestra
2389 4049 2678 4121 ecclesia
2724 4048 3028 4140 sepeliri.
3098 4053 3156 4119 Ο

598 4158 751 4205 vere
791 4137 1069 4209 beatum
1102 4151 1169 4207 et
1201 4136 1474 4207 fidelem
1519 4150 1806 4228 patrem,
1861 4138 1984 4225 qui
2046 4137 2556 4208 incommodam
2594 4137 2822 4230 potius
2867 4150 2934 4208 et
2981 4159 3157 4207 con-

600 4235 925 4314 temptam
957 4226 1171 4297 voluit
1205 4241 1490 4296 mortem
1539 4238 1883 4316 oppetere,
1929 4249 2138 4315 quam
2172 4250 2213 4297 a
2242 4226 2406 4297 filiis
2449 4241 2599 4317 post
2649 4239 2937 4298 mortem
2989 4249 3154 4297 cor-

601 4334 762 4402 pore
808 4316 1137 4404 separari.
1204 4320 1441 4475 ltague
1494 4313 1737 4385 fratres
1791 4337 1952 4387 eum
2018 4329 2450 4406 reportarunt
2510 4316 2597 4386 ad
2650 4316 3158 4387 monasterium

600 4401 1182 4485 Praedicatorum,
1235 4427 1306 4477 se
1393 4405 1670 4476 interim
1722 4404 1916 4476 valde
1965 4407 2383 4488 metuebant,
2438 4427 2523 4476 ne
2569 4407 2641 4476 in
2687 4406 2791 4477 via
2835 4404 3156 4476 animam
