3308 5004
639 319 770 385 702
1409 336 1490 383 nn
1534 335 1592 384 s.
1645 335 1915 385 summo
1960 337 2251 385 iun-mm
2767 318 2954 386 Anu.
3005 320 3084 387 28

635 423 675 510 ξ
718 426 796 493 1.
848 425 926 491 In
970 420 1127 491 loco
1173 434 1398 490 autem
1440 420 1579 501 illo,
1617 442 1756 508 quo
1807 421 2047 490 beatus
2077 435 2337 510 martyr
2367 434 2469 490 est
2499 420 2897 512 percussus,
2940 422 3085 492 fons

547 512 844 581 habetur
876 509 1312 601 splendidus,
1367 508 1558 591 levis,
1626 509 1955 579 dulcibus
2004 511 2206 596 aquis
2253 510 2672 590 uberrimus,
2726 512 2793 579 in
2843 532 2985 598 quo
3027 526 3088 580 et

548 623 586 671 a
626 599 1184 690 persecutoribus
1223 612 1432 687 caput
1478 610 1912 687 amputatum
1946 598 2264 669 ablutum
2313 612 2439 679 est,
2486 599 2571 668 de
2601 599 2857 686 quibus
2889 602 3086 686 aquis

548 689 805 760 multae
837 689 1165 758 sanitates
1197 688 1602 758 tribuuntur
1632 687 1955 757 infirmis.
2008 692 2174 756 Nam
2214 710 2417 777 saepe
2463 710 2823 758 caecorum
2873 689 3080 768 oculi,

546 778 634 848 ab
685 777 792 847 his
842 779 1024 859 tacti,
1078 777 1454 846 illuminati
1494 789 1687 846 sunt:
1746 777 2192 845 tertianarum
2244 792 2738 864 quartanarum
2792 776 3082 847 febrium

545 867 912 937 ardoribus
960 865 1255 943 accensi,
1312 877 1385 934 ut
1435 879 1767 954 potatum,
1874 865 1939 933 ui
1995 867 2371 954 patiuntur,
2428 865 2709 947 iverint,
2762 867 3087 953 conquie-

545 969 772 1026 scunt.
840 961 1005 1026 Nam
1056 969 1121 1024 et
1186 953 1245 1022 si
1310 954 1468 1041 quis
1517 953 1709 1043 gravi
1772 952 1834 1022 la
1889 975 2094 1023 orans
2151 954 2637 1034 incommodo,
2709 955 3086 1043 inspirante

547 1058 847 1133 martyre
893 1043 1310 1114 desiderium
1383 1042 1700 1112 habuerit
1763 1042 2171 1124 hauriendi,
2230 1043 2543 1133 protinus
2605 1059 2681 1113 ut
2731 1043 3078 1126 hauserit,

544 1132 1004 1202 convalescit:
1056 1147 1123 1202 et
1168 1131 1260 1201 ita
1310 1131 1628 1202 velociter
1672 1131 2101 1221 extinguitur
2150 1132 2248 1201 vis
2298 1132 2642 1212 febrium,
2696 1154 2821 1202 ceu
2879 1134 2942 1202 si
2991 1133 3086 1202 vi-

543 1222 708 1323 deas
755 1244 965 1323 super
1011 1222 1430 1290 immensum
1484 1241 1727 1309 rogum
1784 1221 2106 1311 projectis
2155 1221 2360 1290 undis
2397 1221 2716 1290 incendia
2763 1223 3085 1292 universa

544 1324 757 1381 resttn
815 1333 909 1380 ui.

632 1403 670 1487 ξ
716 1334 810 1471 §g
855 1404 1008 1469 Post
1057 1397 1446 1489 passionem
1517 1418 1675 1467 vero
1726 1398 1900 1468 beati
1976 1398 2297 1487 martyris
2346 1420 2424 1468 ac
2483 1397 2665 1467 fama
2720 1412 3089 1488 praeeunte

544 1487 630 1557 de
677 1487 987 1569 senibus,
1028 1487 1186 1573 qui,
1239 1487 1405 1555 dum
1460 1501 1741 1555 sanctus
1789 1501 1982 1557 artus
2031 1487 2426 1574 sepulturae
2469 1487 2900 1568 mandarent,
2955 1488 3089 1557 for-

546 1576 827 1647 titudini
880 1576 1209 1665 pristinae
1258 1574 1515 1644 fuerint
1565 1576 1881 1656 restituti,
1939 1576 2154 1677 mu‘lta
2189 1577 2284 1646 ibi
2325 1576 2660 1646 beneficia
2700 1590 3090 1666 expetentes

542 1665 1060 1753 credentesque,
1095 1664 1496 1753 indulgente
1525 1680 1846 1755 martyre,
1885 1679 2427 1752 consequuntur.
2469 1670 2559 1734 De
2583 1666 2840 1753 quibus
2872 1688 3089 1756 pauca

543 1755 1028 1845 perstringenti
1079 1754 1410 1842 deprecor
1446 1754 1711 1822 veniam
1746 1753 2146 1833 condonari,
2185 1753 2364 1841 quod
2404 1777 2513 1823 me
2564 1756 2798 1824 minus
2832 1756 2931 1824 vel
2975 1777 3090 1846 pe—

544 1844 782 1923 ritum,
839 1843 938 1912 vel
992 1843 1312 1912 idoneum
1366 1840 1449 1910 ad
1511 1842 1679 1911 haec
1732 1841 2070 1912 narranda
2122 1864 2502 1932 cognosco,
2558 1864 2681 1912 nec
2741 1844 3086 1914 imbutum

592 1932 1016 2001 rammaticis
1062 1932 1354 2008 artibus,
1412 1951 1535 1998 nec
1587 1931 1803 2001 literis
1852 1931 2254 2001 liberalibus
2300 1931 2679 2001 eruditum.
2735 1933 2862 2002 Sed
2915 1934 3082 2019 quid

568 2021 742 2099 acio,
798 2021 978 2107 quod
1033 2019 1324 2109 impellit
1375 2042 1482 2087 me
1529 2042 1726 2090 amor
1775 2021 2066 2112 patroni,
2120 2033 2197 2089 ut
2247 2042 2578 2107 nequeam
2635 2021 2801 2090 haec
2841 2022 3090 2092 silere?

540 2109 824 2180 Vinctus
856 2109 1139 2197 quidam
1193 2109 1279 2177 ab
1311 2108 1639 2209 Hispanis
1696 2124 1760 2177 et
1805 2111 2062 2178 carceri
2113 2108 2410 2189 dedituS‚
2467 2108 2548 2177 ad
2594 2114 3085 2199 Imperatorem

542 2197 807 2267 Treveri
857 2220 1014 2268 cum
1064 2197 1343 2286 capitali
1393 2196 1818 2284 dijudicatus
1867 2199 2198 2267 sententia
2254 2199 2629 2268 tenebatur.
2683 2199 2878 2282 Quod
2928 2222 3092 2270 con-

537 2287 659 2378 jux
709 2286 898 2356 illius
959 2287 1358 2377 cognitum,
1427 2285 1593 2355 dum
1664 2287 2009 2356 tumulare
2072 2287 2193 2356 viri
2248 2287 2553 2356 membra
2608 2285 2929 2368 festinat,
3001 2288 3085 2358 ad

539 2377 1000 2447 Brivatensem
1076 2376 1302 2445 vicum
1377 2376 1723 2464 pervenit:
1792 2389 2231 2465 repertosque
2277 2377 2507 2456 viroS‚
2579 2376 2747 2445 dum
2814 2377 3088 2446 diversa

540 2464 768 2538 studio
819 2466 1077 2536 intento
1117 2464 1507 2543 rimaretur,
1550 2466 1926 2555 cognoscit,
1982 2465 2163 2552 quod
2216 2465 2284 2533 in
2335 2486 2414 2535 eo
2466 2465 2560 2535 vel
2618 2465 2703 2535 de
2752 2479 3073 2553 martyre,

540 2556 643 2624 vel
692 2554 779 2623 de
810 2556 1096 2625 senibus
1144 2553 1346 2623 tuerit
1394 2566 1690 2644 gestum,
1744 2553 2072 2640 fidelique
2123 2554 2587 2625 insinuatione
2638 2555 2937 2629 credens,
2981 2552 3071 2620 ad

540 2643 936 2732 sepulcrum
991 2643 1169 2713 beati
1221 2642 1542 2730 martyris
1588 2643 1922 2712 deliberat
1974 2664 2384 2733 properare,
2440 2659 2517 2713 ut
2580 2663 2847 2711 causam
2900 2663 3076 2731 sug-

539 2745 752 2821 gerat,
805 2754 1010 2802 casus
1073 2734 1346 2812 reseret,
1403 2731 1499 2799 vel
1549 2746 1879 2801 cunctum
1942 2732 2242 2801 laborem
2297 2732 2404 2801 sui
2455 2731 2706 2801 doloris
2750 2744 3080 2819 exponat.

538 2822 1014 2892 Asserentibus
1053 2834 1277 2891 tamen
1334 2833 1681 2910 praeterea
1719 2820 2164 2891 hominibus:
2218 2820 2490 2908 Absque
2537 2820 2743 2890 dubio
2795 2817 3087 2909 pollice-

539 2932 721 2989 mur,
756 2910 1063 2991 domina‚
1107 2910 1228 2979 tibi
1263 2931 1303 2978 a
1336 2924 1635 2999 martyre
1677 2909 1867 2978 reddi
1905 2910 2254 2989 laetitiam,
2289 2911 2411 2998 qui
2446 2932 2685 2979 senum
2725 2909 3080 2995 quondam

538 2998 926 3089 decrepitae
972 2998 1235 3078 aetatis,
1290 2998 1597 3067 membra
1636 2997 1927 3087 rig‹=ntia
1975 2999 2260 3085 antiquo
2308 2999 2523 3089 vigori
2577 2998 2892 3068 restituit.
2945 3002 3082 3067 Im-

540 3087 858 3179 pletaque
908 3090 1034 3157 bac
1068 3088 1401 3168 oratione,
1441 3087 1798 3176 promittit,
1851 3097 1927 3155 ut
1976 3087 2033 3156 si
2090 3087 2415 3176 sospitem
2459 3087 2792 3176 reciperet
2845 3086 3083 3176 conju·
3186 3088 3191 3098 ⁴

537 3197 723 3269 gem,
779 3189 955 3246 mart
1010 3169 1102 3246 ris
1150 3175 1575 3265 sepulcrum,
1632 3177 1699 3245 in
1740 3198 1880 3264 quo
1930 3176 2143 3265 possit
2191 3177 2461 3266 spatio,
2514 3189 2870 3246 caemento
2916 3196 3085 3244 cou-

537 3278 811 3356 tegeret.
866 3266 935 3334 Fi
990 3287 1027 3332 e
1077 3265 1301 3355 plena,
1352 3277 1416 3333 et
1453 3264 1540 3333 de
1590 3266 1913 3355 martyris
1957 3265 2203 3355 pietate
2256 3286 2497 3336 secura
2528 3319 2543 3344 ,
2588 3265 2932 3334 Treverim
2979 3276 3091 3334 est

535 3354 870 3443 ingressa,
919 3358 1412 3439 inventumque
1458 3353 1546 3423 ob
1598 3355 1848 3435 virum,
1902 3368 1967 3423 et
2010 3355 2229 3441 gratia
2280 3353 2623 3443 imperiali
2677 3367 3032 3445 receptum
3067 3408 3085 3434 ,

535 3441 709 3512 laeta
760 3443 1167 3534 regreditur.
1220 3442 1695 3529 Inquisitoque
1747 3458 2071 3531 tempore,
2126 3464 2264 3530 quo
2311 3443 2413 3512 vir
2453 3441 2800 3512 relaxatus
2838 3457 3094 3512 essetfe

532 3552 829 3608 carcere,
884 3529 1280 3618 novitquod
1314 3530 1482 3599 haec
1516 3530 2132 3602 fuitabsolutionis
2180 3531 2372 3611 hora,
2426 3553 2563 3619 qua
2600 3531 2718 3601 illa
2757 3531 3092 3621 martyris

534 3633 637 3692 est
669 3620 1003 3691 auxilium
1047 3631 1345 3711 precata.
1402 3619 1659 3689 Dehinc
1706 3620 2299 3710 pollicitationem,
2352 3641 2562 3709 quam
2617 3621 3085 3711 promiserat,

533 3731 694 3782 cum
733 3710 1093 3781 immensis
1142 3708 1551 3779 muneribus
1583 3708 2015 3799 adimplevit.

625 3807 664 3881 5
711 3801 808 3867 θ.
861 3804 1019 3868 Erat
1062 3798 1247 3868 enim
1298 3797 1484 3868 haud
1524 3797 1764 3888 procul
1793 3820 1832 3866 a
1866 3797 2142 3873 cellula.
2180 3819 2389 3884 quam
2433 3819 2647 3887 supra
2677 3796 3091 3886 sepulcrum

533 3887 859 3977 martyris
909 3887 1078 3958 haec
1130 3899 1442 3957 matrona
1487 3897 1964 3957 construxerat
1991 3922 2012 3966 >,
2067 3885 2328 3977 grande
2376 3886 2773 3964 delubrum,
2828 3885 2956 3955 ubi
3008 3886 3088 3955 in

533 3976 930 4049 columnam
981 3977 1391 4048 altissimam
1443 3975 1899 4046 simulacrum
1939 3976 2171 4046 Martis
2202 3975 2656 4063 mercuriique
2691 3972 3089 4045 colebatur.

533 4065 842 4153 Cu‘mque
886 4065 1158 4139 delubri
1208 4064 1403 4136 illius
1447 4063 1617 4136 festa
1676 4086 1719 4133 a
1774 4063 2152 4154 gentilibus
2210 4077 2581 4154 agerentur
2610 4119 2626 4145 ‚
2694 4085 2773 4133 ac
2821 4064 3094 4134 mortui

534 4155 825 4226 mortuis
876 4154 1078 4225 thura
1115 4154 1480 4235 deferrent,
1537 4151 1765 4223 medio
1810 4174 1850 4222 e
1899 4153 2105 4240 vulgo
2151 4162 2675 4221 commoventur
2710 4153 2901 4240 pueri
2938 4152 3098 4223 duo

532 4243 605 4313 in
654 4243 1110 4315 scandalum:
1167 4242 1560 4330 nudatoque
1623 4263 1809 4312 unus
1856 4241 2089 4332 gladio
2122 4294 2138 4321 ,
2193 4239 2486 4311 alterum
2551 4240 3097 4339 appetit-truci-

508 4331 870 4403 dandum.
922 4337 998 4403 At
1044 4331 1161 4402 ille
1206 4353 1496 4404 cernens
1544 4329 1721 4400 nihil
1760 4332 1993 4401 veniae
2042 4330 2403 4415 reservari,
2458 4351 2618 4399 cum
2665 4350 2708 4398 a
2747 4325 2884 4398 dits
2933 4328 3100 4399 suis

534 4441 671 4491 non
703 4422 1197 4506 defensaretur,
1221 4433 1492 4495 nostrae
1519 4420 1875 4513 religionis
1900 4420 2320 4501 custodiam,
2338 4432 2608 4491 nostrae
2627 4415 3104 4490 confessionis
