3308 5004
638 348 723 413 68
1275 362 1354 408 nn
1399 360 1456 408 s,
1508 359 1833 410 Amnonso
1878 361 1949 409 ι.
2001 362 2081 408 nn
2128 358 2378 409 manino
2803 340 2989 407 AUG.
3041 341 3080 407 2

548 451 641 519 ita
689 460 855 517 tunc
901 445 1283 517 exclamare
1330 445 1610 516 solitus:
1666 468 1703 512 «
1733 448 1783 516 Ο
1832 445 2103 525 dilecta,
2156 466 2196 515 o
2247 444 2418 514 mihi
2468 443 2678 514 chara
2724 443 3078 534 spelunca!

550 537 822 608 Utinam
889 549 950 605 te
1000 534 1258 625 perfrui
1309 533 1478 603 mihi
1524 535 1909 604 etiamnum
1961 533 2233 603 liceretl
2268 556 2303 599 »
2355 532 2662 603 Stabilita
2701 534 2846 622 jam
2914 538 3084 601 Con-

553 626 970 717 gregatione,
1014 623 1181 692 nihil
1209 625 1354 712 Jam
1393 625 1792 703 remanebat
1815 622 2185 712 Alphonso‚
2226 622 2361 691 nisi
2393 636 2471 691 ut
2500 622 2562 691 ei
2604 620 3088 713 propagandae

553 714 835 787 solerter
888 712 1314 803 advigilaret.
1353 715 1428 780 In
1488 711 1639 801 ejus
1686 712 1934 781 exhinc
1990 712 2252 802 gremio
2298 710 2694 780 felicissime
2742 710 2903 779 vixit
2970 731 3088 798 per

552 804 831 894 triginta
868 824 1128 882 annos»,
1184 800 1267 870 ad
1320 802 1887 880 unchx11,·omni
1935 823 2084 870 eam
2138 800 2465 870 virtutum
2516 798 2881 889 splendore
2929 797 3087 868 illu-

551 907 802 972 strans,
839 905 1041 979 atque
1087 889 1276 979 operi
1319 889 1855 979 Redemptionis,
1906 911 1988 959 ex
2034 910 2267 959 amore
2298 890 2485 966 Jesu,
2531 910 2603 959 se
2654 888 2852 979 plene
2883 887 3088 957 devo-

552 1003 740 1065 vens.
788 986 1148 1059 —Porro,
1212 978 1338 1047 tria
1388 990 1550 1047 sunt
1606 978 1863 1065 quibus
1922 983 1986 1049 S.
2029 979 2376 1065 Fundator
2433 978 2633 1048 istam
2699 978 2874 1047 vitae
2923 997 3091 1047 suae

552 1084 812 1160 partem
865 1071 1136 1159 penitus
1182 1067 1467 1145 addixit,
1508 1067 1837 1137 nimirum
1877 1089 2113 1138 sacrae
2160 1066 2539 1149 MissioneS,
2586 1068 2894 1157 regimen
2918 1070 3091 1135 Con·

553 1159 969 1250 gregationis
1014 1180 1094 1227 ac
1125 1157 1405 1246 scriptio
1445 1154 1805 1225 librorum.

640 1251 676 1335 §
721 1252 799 1319 θ.
853 1252 933 1316 Ut
981 1268 1135 1315 vero
1183 1268 1222 1314 a
1270 1266 1619 1315 sacrarum
1673 1244 2078 1315 Missionum
2114 1244 2573 1314 celebratione
2618 1243 3088 1325 exordiamur,

553 1359 689 1406 non
743 1335 936 1405 facile
983 1334 1122 1403 dici
1188 1345 1445 1423 potest,
1500 1355 1711 1420 quam
1767 1333 1979 1403 alacri
2037 1333 2266 1404 studio
2329 1333 2414 1402 iis
2489 1332 2837 1402 tradendis
2888 1332 3094 1403 incu-

553 1426 801 1496 buerit.
855 1423 1159 1492 Charitas
1193 1423 1433 1491 Christi
1487 1424 1707 1491 virum
1744 1422 1933 1492 hune
1968 1444 2118 1492 vere
2148 1421 2599 1512 apostolicum
2640 1421 2955 1512 urgebat,
3000 1422 3097 1491 ita

550 1526 628 1583 ut
673 1514 741 1581 in
792 1524 928 1581 toto
984 1533 1053 1579 re
1110 1532 1193 1580 no
1241 1510 1681 1601 Neapolitano
1749 1532 2006 1601 paucae
2077 1508 2376 1600 profecto
2430 1509 2883 1580 inveniendae
2948 1510 3094 1580 sint

552 1601 964 1692 provinciae,
1017 1534 1102 1669 a&
1135 1622 1307 1687 quas
1341 1600 1486 1689 ipse
1532 1601 1619 1668 fla
1679 1600 2053 1670 rantissimi
2101 1600 2207 1669 sui
2257 1599 2384 1669 zeli
2445 1600 2727 1669 effectus
2787 1621 2922 1668 non
2977 1621 3097 1669 ex-

555 1689 866 1761 tenderit.
912 1689 1215 1758 Plurima
1247 1688 1443 1757 nobis
1482 1689 1625 1777 imp
1658 1688 1836 1758 enda
1859 1702 2085 1759 essent
2124 1686 2502 1769 volumina,
2548 1689 2608 1757 si
2640 1710 2880 1758 omnes
2910 1710 3093 1759 enu-

556 1801 821 1848 merare
852 1777 1207 1857 vellemus,
1248 1799 1421 1864 quas
1459 1776 1718 1863 ubique
1771 1777 2079 1847 locorum
2133 1778 2415 1868 peregit,
2468 1778 2862 1848 animarum
2927 1798 3102 1847 con-

557 1868 926 1937 versiones.
1001 1866 1245 1954 Nequit
1306 1865 1785 1936 missionarius
1852 1867 2220 1956 excogitari
2295 1866 2642 1955 Alphonso
2747 1864 3093 1935 erfectior.

557 1958 863 2026 Movebat
896 1956 1040 2046 ipse
1088 1954 1499 2046 populorum
1538 1955 2065 2025 admirationem
2098 1968 2243 2025 tum
2287 1954 2631 2044 stupenda
2659 1975 2697 2023 e
2726 1956 3101 2041 oquentiae

554 2046 978 2125 auctoritate,
1032 2057 1176 2114 tum
1231 2044 1625 2133 praesertim
1693 2043 2059 2133 splendore
2122 2043 2655 2134 apostolicarum
2712 2044 3043 2113 virtutum
3076 2099 3095 2126 ‚

552 2155 730 2221 quae
762 2156 1003 2203 omnes
1043 2134 1110 2201 in
1147 2154 1248 2213 eo,
1304 2146 1629 2219 tanquam
1672 2132 1743 2200 in
1773 2133 2153 2202 sanctitatis
2186 2132 2490 2223 speculo,
2528 2130 2908 2222 fulgebant.
2945 2136 3100 2202 Hu-

556 2221 896 2291 millimus
944 2235 1020 2291 ut
1062 2234 1230 2297 erat,
1299 2243 1376 2290 eo
1429 2220 1835 2309 plerumque
1893 2221 2253 2291 incedebat
2317 2222 2628 2311 corporis
2678 2222 2959 2301 habitu,
3015 2234 3101 2291 ut

552 2310 760 2380 homo
795 2310 1019 2390 nihili,
1076 2332 1154 2378 ac
1188 2331 1541 2399 pannosus
1589 2309 1951 2379 mendicus
1992 2332 2141 2381 esse
2191 2309 2558 2380 videretur.
2621 2311 2797 2380 Hinc
2833 2309 3101 2379 factum

554 2412 678 2480 est,
730 2413 808 2469 ut
853 2422 1009 2468 cum
1042 2398 1438 2485 aliquando,
1479 2400 1920 2488 pauperrima
1950 2412 2129 2469 veste
2176 2398 2375 2468 talari
2413 2399 2701 2468 indutus
2747 2398 3107 2486 aselloque

556 2488 887 2570 insidens,
931 2488 1299 2575 quemdam
1338 2511 1589 2578 pagum
1629 2488 1982 2579 ingressus
2030 2502 2231 2570 esset;
2284 2487 2371 2559 ab
2406 2487 2596 2558 illins
2641 2487 2774 2557 loci
2821 2487 3101 2572 incoliS,

552 2579 675 2665 qui
724 2578 894 2648 alios
947 2578 1414 2648 missionarios
1464 2576 1678 2646 rhed'a
1716 2578 1962 2647 advehi
2012 2579 2346 2659 viderant,
2400 2590 2478 2647 ut
2537 2598 2776 2646 eorum
2828 2598 3108 2663 coquus

554 2667 831 2736 habitus
878 2666 1103 2736 fuerit.
1140 2672 1386 2749 Quare,
1420 2681 1780 2756 postquam
1813 2689 1998 2747 eum,
2038 2667 2156 2736 illo
2198 2668 2348 2756 ipso
2382 2667 2516 2747 die,
2568 2666 3108 2736 concionantem

556 2755 960 2835 audiissent,
999 2768 1349 2845 stupentes
1391 2755 1459 2823 in
1514 2755 1691 2823 hanc
1733 2777 1963 2823 vocem
2014 2768 2432 2846 eruperunt:
2488 2759 2646 2833 Nae,
2689 2753 2745 2825 si
2789 2755 2935 2844 ipse
2984 2776 3110 2823 co-

552 2866 735 2931 quus
783 2855 919 2911 tam
986 2842 1487 2913 admirabiliter
1536 2842 1840 2930 loquitur
1873 2899 1888 2923 ,
1961 2844 2129 2931 quid
2197 2857 2360 2914 tunc
2434 2844 2562 2914 erit
2621 2843 2706 2913 de
2752 2843 3116 2912 caeteris?

558 2932 1073 3001 Mortificatione
1122 2932 1225 3000 vir
1289 2933 1398 3000 Dei
1459 2954 1593 3001 non
1639 2931 1873 3001 minus
1953 2932 2339 3022 praestabat
2392 2954 2602 3019 quam
2683 2931 3105 3002 humilitate.

557 3019 761 3089 Cibus
809 3019 943 3108 ipsi
1012 3019 1213 3099 vilis,
1267 3021 1463 3107 isque
1545 3020 2035 3109 parcissimnS,
2144 3021 2503 3107 lerumque
2578 3021 2721 3090 solo
2769 3034 3112 3092 constans

556 3106 950 3197 pulmentO,
1023 3108 1203 3195 quod
1256 3109 1512 3178 amaris
1560 3109 1794 3178 herbis
1855 3109 2097 3179 condie
2149 3123 2240 3179 at.
2308 3116 2637 3199 Tempore
2686 3110 3112 3180 missionum

556 3218 772 3283 aeque
801 3195 1125 3283 frequens
1159 3195 1284 3278 illi,
1320 3219 1398 3266 ac
1431 3197 1643 3277 domi,
1692 3219 1863 3271 usus
1895 3198 2173 3289 flagelli,
2211 3220 2349 3286 quo
2385 3220 2662 3268 saevum
2712 3199 2780 3266 in
2816 3197 3111 3268 modum

558 3307 631 3354 se
664 3297 1025 3355 cruentare
1072 3285 1354 3355 solebat.
1410 3291 1486 3355 Et
1521 3309 1603 3356 ne
1652 3285 1797 3356 ullo
1832 3288 2160 3376 temporis
2194 3300 2540 3357 momento
2586 3286 2946 3357 doloribus
2993 3309 3114 3355 va—

558 3387 766 3456 caret,
822 3374 1401 3464 flagellationibus
1449 3375 2083 3461 frequentissimum
2149 3376 2513 3466 adjiciebat
2573 3397 2781 3445 usum
2847 3375 3114 3446 cilicio·

557 3485 740 3543 rum;
794 3484 971 3549 quae
1018 3484 1223 3549 quam
1253 3475 1436 3532 arcte
1484 3465 1872 3565 stringeret,
1911 3464 2123 3535 velex
2173 3466 2302 3535 hoc
2349 3465 2601 3555 conjici
2642 3477 2883 3554 potest,
2917 3464 3114 3552 quod

566 3572 696 3619 non
749 3551 957 3620 semel
1009 3552 1135 3652 htac
1160 3551 1244 3621 de
1274 3574 1486 3622 causa
1526 3566 2018 3624 semimortuus
2055 3576 2135 3624 ac
2182 3556 2384 3642 quasi
2431 3554 2807 3624 suffocatus
2858 3554 2929 3622 in
2965 3567 3109 3623 ter-

561 3661 707 3708 ram
758 3653 1115 3709 corruerit.

644 3730 681 3814 §
726 3732 805 3799 8.
860 3729 989 3810 Qui
1024 3751 1175 3797 vero
1204 3752 1284 3799 ex
1332 3742 1519 3800 tanta
1549 3731 1724 3799 vitae
1771 3732 2169 3801 austeritate
2204 3753 2283 3800 ac
2332 3729 2789 3802 sanctimonia
2837 3730 3114 3801 fructus

561 3817 806 3886 salutis
853 3818 1339 3906 germinarent,
1394 3819 1503 3888 vix
1539 3819 1762 3888 verbis
1792 3820 2086 3909 exprimi
2123 3832 2363 3910 potest.
2404 3826 2687 3889 Tantam
2723 3820 3111 3910 gratiarum

557 3906 826 3995 copiam
878 3906 1187 3975 Christus
1222 3908 1555 3977 Dominus
1587 3908 1813 3978 verbis
1840 3909 1952 3977 sui
1984 3909 2169 3978 Servi
2221 3907 2644 3986 adnectebat,
2681 3924 2757 3978 ut
2783 3931 2912 3999 ,per
2943 3930 3113 3979 eum

556 3994 963 4064 innumerae
1009 4016 1088 4064 ac
1138 4017 1420 4084 prorsus
1461 3997 1842 4087 stupendae
1873 3997 2360 4069 conversiones
2410 3997 2927 4088 perficerentur,
2970 4020 3113 4068 non

558 4082 995 4172 singulorum
1056 4084 1411 4154 dumtaxat
1471 4085 1834 4155 hominum
1866 4141 1881 4167 ,
1935 4087 2055 4156 sed
2105 4100 2172 4156 et
2229 4087 2655 4178 integrarum
2706 4086 3110 4156 civitatum:

557 4192 756 4258 quae,
807 4194 968 4242 cum
1031 4187 1231 4242 antea
1277 4173 1649 4263 Babylonis
1712 4173 2006 4245 fuissent
2070 4175 2513 4258 simillimae,
2564 4175 2765 4263 quasi
2813 4176 2885 4245 in
2948 4197 3117 4245 san-

557 4260 820 4330 ctuaria
866 4261 1172 4331 Paradisi
1219 4263 1793 4339 immutabantur.
1865 4269 2118 4345 Nemo,
2172 4265 2295 4352 qui
2343 4264 2540 4335 illum
2611 4286 2647 4334 e
2697 4285 2891 4334 sacro
2942 4286 3115 4356 sug—

563 4361 756 4447 gestu
812 4347 1150 4449 dicentem
1197 4351 1567 4432 audiebat,
1622 4353 1936 4423 resistere
2035 4366 2251 4423 otei-at
2296 4355 2446 4443 ejus
2509 4354 2989 4441 eloquentiae,
3042 4365 3116 4425 et

558 4450 932 4528 saptentiae
964 4494 980 4522 ,
1032 4462 1111 4510 ac
1172 4441 1448 4531 spiritui
1512 4442 1633 4529 qui
1704 4441 1772 4511 in
1822 4464 1902 4513 eo
2007 4442 2413 4531 oquebatur.
2475 4449 2817 4532 Quotquot
2863 4454 3102 4513 autem
