<?xml version="1.0" encoding="UTF-8"?>
<!DOCTYPE html PUBLIC "-//W3C//DTD XHTML 1.0 Transitional//EN"
    "http://www.w3.org/TR/xhtml1/DTD/xhtml1-transitional.dtd">
<html xmlns="http://www.w3.org/1999/xhtml" xml:lang="en" lang="en">
 <head>
  <title>
</title>
<meta http-equiv="Content-Type" content="text/html;charset=utf-8" />
  <meta name='ocr-system' content='tesseract 3.04.00' />
  <meta name='ocr-capabilities' content='ocr_page ocr_carea ocr_par ocr_line ocrx_word'/>
</head>
<body>
  <div class='ocr_page' id='page_1' title='image "./historiaeseuvit01lippgoog_0112.png"; bbox 0 0 3308 5004; ppageno 0'>
   <div class='ocr_carea' id='block_1_1' title="bbox 683 290 3141 360">
    <p class='ocr_par' dir='ltr' id='par_1_1' title="bbox 683 290 3141 360">
     <span class='ocr_line' id='line_1_1' title="bbox 683 290 3141 360; baseline 0 -2"><span class='ocrx_word' id='word_1_1' title='bbox 683 290 772 358; x_wconf 82' lang='lat'><strong>98</strong></span> <span class='ocrx_word' id='word_1_2' title='bbox 1358 307 1440 356; x_wconf 75' lang='lat' dir='ltr'><strong>mi</strong></span> <span class='ocrx_word' id='word_1_3' title='bbox 1485 309 1543 357; x_wconf 90' lang='lat' dir='ltr'><strong>s.</strong></span> <span class='ocrx_word' id='word_1_4' title='bbox 1597 306 1924 359; x_wconf 65' lang='lat' dir='ltr'><strong>summo</strong></span> <span class='ocrx_word' id='word_1_5' title='bbox 1971 307 2135 357; x_wconf 60' lang='lat' dir='ltr'><strong>rara</strong></span> <span class='ocrx_word' id='word_1_6' title='bbox 2183 308 2377 358; x_wconf 76' lang='lat' dir='ltr'><strong>mr.</strong></span> <span class='ocrx_word' id='word_1_7' title='bbox 2873 290 3060 360; x_wconf 73' lang='lat' dir='ltr'><strong>me.</strong></span> <span class='ocrx_word' id='word_1_8' title='bbox 3102 292 3141 359; x_wconf 78' lang='lat'><em>2</em></span> 
     </span>
    </p>
   </div>
   <div class='ocr_carea' id='block_1_2' title="bbox 575 390 3144 4394">
    <p class='ocr_par' dir='ltr' id='par_1_2' title="bbox 579 390 3144 1906">
     <span class='ocr_line' id='line_1_2' title="bbox 591 390 3141 483; baseline 0.002 -19"><span class='ocrx_word' id='word_1_9' title='bbox 591 391 1087 483; x_wconf 72' lang='lat' dir='ltr'><strong>spectantibus,</strong></span> <span class='ocrx_word' id='word_1_10' title='bbox 1140 390 1381 463; x_wconf 86' lang='lat' dir='ltr'><strong>oculos</strong></span> <span class='ocrx_word' id='word_1_11' title='bbox 1426 392 1496 463; x_wconf 88' lang='lat' dir='ltr'><strong>in</strong></span> <span class='ocrx_word' id='word_1_12' title='bbox 1548 393 1819 465; x_wconf 84' lang='lat' dir='ltr'><strong>coelum</strong></span> <span class='ocrx_word' id='word_1_13' title='bbox 1867 393 2114 477; x_wconf 84' lang='lat' dir='ltr'><strong>erexit,</strong></span> <span class='ocrx_word' id='word_1_14' title='bbox 2168 416 2250 464; x_wconf 88' lang='lat' dir='ltr'><strong>ac</strong></span> <span class='ocrx_word' id='word_1_15' title='bbox 2296 393 2519 465; x_wconf 81' lang='lat' dir='ltr'>dixit:</span> <span class='ocrx_word' id='word_1_16' title='bbox 2572 416 2611 462; x_wconf 81' lang='grc'><strong>«</strong></span> <span class='ocrx_word' id='word_1_17' title='bbox 2641 395 2928 466; x_wconf 78' lang='lat' dir='ltr'><strong>Domine</strong></span> <span class='ocrx_word' id='word_1_18' title='bbox 2967 399 3141 469; x_wconf 84' lang='lat' dir='ltr'><strong>Deus</strong></span> 
     </span>
     <span class='ocr_line' id='line_1_3' title="bbox 591 481 3144 573; baseline 0.003 -21"><span class='ocrx_word' id='word_1_19' title='bbox 591 493 785 573; x_wconf 81' lang='lat' dir='ltr'><strong>pater</strong></span> <span class='ocrx_word' id='word_1_20' title='bbox 814 481 1089 552; x_wconf 81' lang='lat' dir='ltr'>Domini</span> <span class='ocrx_word' id='word_1_21' title='bbox 1123 482 1340 552; x_wconf 77' lang='lat' dir='ltr'>nostri</span> <span class='ocrx_word' id='word_1_22' title='bbox 1371 482 1535 554; x_wconf 80' lang='lat' dir='ltr'><strong>Jesu</strong></span> <span class='ocrx_word' id='word_1_23' title='bbox 1582 484 1854 564; x_wconf 81' lang='lat' dir='ltr'>Christi,</span> <span class='ocrx_word' id='word_1_24' title='bbox 1912 481 2037 572; x_wconf 92' lang='lat' dir='ltr'><strong>qui</strong></span> <span class='ocrx_word' id='word_1_25' title='bbox 2083 483 2388 554; x_wconf 75' lang='lat' dir='ltr'><strong>evertisti</strong></span> <span class='ocrx_word' id='word_1_26' title='bbox 2415 483 2663 554; x_wconf 89' lang='lat' dir='ltr'><strong>turrim</strong></span> <span class='ocrx_word' id='word_1_27' title='bbox 2705 483 3144 559; x_wconf 74' lang='lat' dir='ltr'><strong>confusionis</strong></span> 
     </span>
     <span class='ocr_line' id='line_1_4' title="bbox 589 569 3143 673; baseline 0.001 -32"><span class='ocrx_word' id='word_1_28' title='bbox 589 569 777 673; x_wconf 88' lang='lat' dir='ltr'><strong>apud</strong></span> <span class='ocrx_word' id='word_1_29' title='bbox 827 570 1271 661; x_wconf 83' lang='lat' dir='ltr'><strong>Babylonem,</strong></span> <span class='ocrx_word' id='word_1_30' title='bbox 1317 571 1615 653; x_wconf 85' lang='lat' dir='ltr'><strong>destrue,</strong></span> <span class='ocrx_word' id='word_1_31' title='bbox 1666 593 1946 660; x_wconf 82' lang='lat' dir='ltr'><strong>quaeso,</strong></span> <span class='ocrx_word' id='word_1_32' title='bbox 2003 593 2191 642; x_wconf 90' lang='lat' dir='ltr'><strong>nunc</strong></span> <span class='ocrx_word' id='word_1_33' title='bbox 2220 584 2288 642; x_wconf 89' lang='lat' dir='ltr'><strong>et</strong></span> <span class='ocrx_word' id='word_1_34' title='bbox 2334 572 2563 642; x_wconf 89' lang='lat' dir='ltr'><strong>locum</strong></span> <span class='ocrx_word' id='word_1_35' title='bbox 2600 572 2815 655; x_wconf 91' lang='lat' dir='ltr'><strong>hunc,</strong></span> <span class='ocrx_word' id='word_1_36' title='bbox 2881 574 2954 643; x_wconf 79' lang='lat' dir='ltr'><strong>in</strong></span> <span class='ocrx_word' id='word_1_37' title='bbox 3005 593 3143 662; x_wconf 91' lang='lat' dir='ltr'><strong>quo</strong></span> 
     </span>
     <span class='ocr_line' id='line_1_5' title="bbox 587 658 3144 751; baseline 0.002 -23"><span class='ocrx_word' id='word_1_38' title='bbox 587 658 849 730; x_wconf 83' lang='lat' dir='ltr'><strong>diaboli</strong></span> <span class='ocrx_word' id='word_1_39' title='bbox 892 659 1293 750; x_wconf 74' lang='lat' dir='ltr'><strong>superstitio</strong></span> <span class='ocrx_word' id='word_1_40' title='bbox 1362 682 1481 751; x_wconf 89' lang='lat' dir='ltr'><strong>per</strong></span> <span class='ocrx_word' id='word_1_41' title='bbox 1536 661 1880 732; x_wconf 88' lang='lat' dir='ltr'><strong>idolorum</strong></span> <span class='ocrx_word' id='word_1_42' title='bbox 1932 661 2201 732; x_wconf 91' lang='lat' dir='ltr'><strong>cultum</strong></span> <span class='ocrx_word' id='word_1_43' title='bbox 2250 674 2626 732; x_wconf 84' lang='lat' dir='ltr'><strong>exercetur.</strong></span> <span class='ocrx_word' id='word_1_44' title='bbox 2668 682 2706 730; x_wconf 80' lang='lat'><strong>»</strong></span> <span class='ocrx_word' id='word_1_45' title='bbox 2753 665 2924 732; x_wconf 90' lang='lat' dir='ltr'><strong>Cum</strong></span> <span class='ocrx_word' id='word_1_46' title='bbox 2972 661 3144 734; x_wconf 79' lang='lat' dir='ltr'><strong>haec</strong></span> 
     </span>
     <span class='ocr_line' id='line_1_6' title="bbox 587 747 3142 841; baseline 0.002 -23"><span class='ocrx_word' id='word_1_47' title='bbox 587 747 874 820; x_wconf 83' lang='lat' dir='ltr'><strong>dixisset</strong></span> <span class='ocrx_word' id='word_1_48' title='bbox 922 747 1249 830; x_wconf 81' lang='lat' dir='ltr'><strong>Pontifex,</strong></span> <span class='ocrx_word' id='word_1_49' title='bbox 1304 762 1584 841; x_wconf 85' lang='lat' dir='ltr'><strong>repente</strong></span> <span class='ocrx_word' id='word_1_50' title='bbox 1628 749 1809 820; x_wconf 86' lang='lat' dir='ltr'><strong>facto</strong></span> <span class='ocrx_word' id='word_1_51' title='bbox 1859 751 2120 821; x_wconf 86' lang='lat' dir='ltr'><strong>tonitru</strong></span> <span class='ocrx_word' id='word_1_52' title='bbox 2168 762 2233 821; x_wconf 95' lang='lat' dir='ltr'><strong>et</strong></span> <span class='ocrx_word' id='word_1_53' title='bbox 2278 750 2374 819; x_wconf 86' lang='lat' dir='ltr'><strong>ful</strong></span> <span class='ocrx_word' id='word_1_54' title='bbox 2433 771 2555 820; x_wconf 85' lang='lat' dir='ltr'><strong>ure</strong></span> <span class='ocrx_word' id='word_1_55' title='bbox 2605 751 2930 833; x_wconf 73' lang='lat' dir='ltr'><strong>inaximo,</strong></span> <span class='ocrx_word' id='word_1_56' title='bbox 2963 764 3142 822; x_wconf 86' lang='lat' dir='ltr'><strong>tem-</strong></span> 
     </span>
     <span class='ocr_line' id='line_1_7' title="bbox 589 772 3142 930; baseline 0.001 -22"><span class='ocrx_word' id='word_1_57' title='bbox 589 836 788 928; x_wconf 80' lang='lat' dir='ltr'><strong>plum</strong></span> <span class='ocrx_word' id='word_1_58' title='bbox 826 836 1058 909; x_wconf 82' lang='lat' dir='ltr'><strong>Martis</strong></span> <span class='ocrx_word' id='word_1_59' title='bbox 1100 858 1351 928; x_wconf 86' lang='lat' dir='ltr'><strong>magna</strong></span> <span class='ocrx_word' id='word_1_60' title='bbox 1396 860 1478 909; x_wconf 83' lang='lat' dir='ltr'><strong>ex</strong></span> <span class='ocrx_word' id='word_1_61' title='bbox 1514 850 1704 930; x_wconf 87' lang='lat' dir='ltr'><strong>parte</strong></span> <span class='ocrx_word' id='word_1_62' title='bbox 1736 840 2021 909; x_wconf 90' lang='lat' dir='ltr'><strong>corruit.</strong></span> <span class='ocrx_word' id='word_1_63' title='bbox 2076 837 2269 923; x_wconf 86' lang='lat' dir='ltr'><strong>Quod</strong></span> <span class='ocrx_word' id='word_1_64' title='bbox 2306 772 2613 909; x_wconf 56' lang='lat' dir='ltr'><strong>vigentes</strong></span> <span class='ocrx_word' id='word_1_65' title='bbox 2657 839 2939 921; x_wconf 77' lang='lat' dir='ltr'><strong>milites,</strong></span> <span class='ocrx_word' id='word_1_66' title='bbox 2985 861 3142 930; x_wconf 89' lang='lat' dir='ltr'><strong>per-</strong></span> 
     </span>
     <span class='ocr_line' id='line_1_8' title="bbox 589 925 3139 1018; baseline 0.001 -23"><span class='ocrx_word' id='word_1_67' title='bbox 589 925 929 997; x_wconf 77' lang='lat' dir='ltr'><strong>terrefacti</strong></span> <span class='ocrx_word' id='word_1_68' title='bbox 961 926 1406 1018; x_wconf 83' lang='lat' dir='ltr'><strong>aufugerunt,</strong></span> <span class='ocrx_word' id='word_1_69' title='bbox 1432 948 1512 998; x_wconf 88' lang='lat' dir='ltr'><strong>ac</strong></span> <span class='ocrx_word' id='word_1_70' title='bbox 1543 928 1974 1015; x_wconf 87' lang='lat' dir='ltr'><strong>reliquerunt</strong></span> <span class='ocrx_word' id='word_1_71' title='bbox 2007 928 2486 998; x_wconf 88' lang='lat' dir='ltr'><strong>beatissimum</strong></span> <span class='ocrx_word' id='word_1_72' title='bbox 2521 929 2946 1018; x_wconf 82' lang='lat' dir='ltr'><strong>Stephanum</strong></span> <span class='ocrx_word' id='word_1_73' title='bbox 2971 951 3139 1000; x_wconf 85' lang='lat' dir='ltr'><strong>cum</strong></span> 
     </span>
     <span class='ocr_line' id='line_1_9' title="bbox 588 1013 3142 1108; baseline 0.002 -23"><span class='ocrx_word' id='word_1_74' title='bbox 588 1013 919 1086; x_wconf 86' lang='lat' dir='ltr'><strong>omnibus</strong></span> <span class='ocrx_word' id='word_1_75' title='bbox 964 1016 1369 1087; x_wconf 89' lang='lat' dir='ltr'><strong>Christianis</strong></span> <span class='ocrx_word' id='word_1_76' title='bbox 1399 1070 1415 1098; x_wconf 92' lang='lat'><strong>‚</strong></span> <span class='ocrx_word' id='word_1_77' title='bbox 1479 1016 1601 1104; x_wconf 90' lang='lat' dir='ltr'><strong>qui</strong></span> <span class='ocrx_word' id='word_1_78' title='bbox 1647 1039 1810 1088; x_wconf 89' lang='lat' dir='ltr'><strong>eum</strong></span> <span class='ocrx_word' id='word_1_79' title='bbox 1876 1017 2097 1087; x_wconf 90' lang='lat' dir='ltr'><strong>secuti</strong></span> <span class='ocrx_word' id='word_1_80' title='bbox 2145 1016 2443 1088; x_wconf 83' lang='lat' dir='ltr'><strong>fuerant.</strong></span> <span class='ocrx_word' id='word_1_81' title='bbox 2515 1022 2755 1105; x_wconf 87' lang='lat' dir='ltr'><strong>Itaque</strong></span> <span class='ocrx_word' id='word_1_82' title='bbox 2801 1016 2921 1087; x_wconf 86' lang='lat' dir='ltr'><strong>illa</strong></span> <span class='ocrx_word' id='word_1_83' title='bbox 2987 1019 3142 1108; x_wconf 83' lang='lat' dir='ltr'><strong>ipsa</strong></span> 
     </span>
     <span class='ocr_line' id='line_1_10' title="bbox 590 1103 3140 1195; baseline 0 -21"><span class='ocrx_word' id='word_1_84' title='bbox 590 1103 756 1175; x_wconf 73' lang='lat' dir='ltr'><strong>hora</strong></span> <span class='ocrx_word' id='word_1_85' title='bbox 785 1104 1028 1177; x_wconf 88' lang='lat' dir='ltr'><strong>beatus</strong></span> <span class='ocrx_word' id='word_1_86' title='bbox 1061 1105 1452 1195; x_wconf 82' lang='lat' dir='ltr'><strong>Stephanus</strong></span> <span class='ocrx_word' id='word_1_87' title='bbox 1481 1105 1652 1178; x_wconf 88' lang='lat' dir='ltr'><strong>abiit</strong></span> <span class='ocrx_word' id='word_1_88' title='bbox 1674 1128 1834 1176; x_wconf 92' lang='lat' dir='ltr'><strong>cum</strong></span> <span class='ocrx_word' id='word_1_89' title='bbox 1883 1107 2213 1178; x_wconf 89' lang='lat' dir='ltr'><strong>omnibus</strong></span> <span class='ocrx_word' id='word_1_90' title='bbox 2239 1105 2667 1186; x_wconf 88' lang='lat' dir='ltr'><strong>Christianis,</strong></span> <span class='ocrx_word' id='word_1_91' title='bbox 2697 1127 2873 1193; x_wconf 86' lang='lat' dir='ltr'><strong>quos</strong></span> <span class='ocrx_word' id='word_1_92' title='bbox 2905 1127 3140 1177; x_wconf 88' lang='lat' dir='ltr'><strong>secum</strong></span> 
     </span>
     <span class='ocr_line' id='line_1_11' title="bbox 590 1191 3141 1277; baseline 0.001 -14"><span class='ocrx_word' id='word_1_93' title='bbox 590 1191 908 1276; x_wconf 88' lang='lat' dir='ltr'><strong>habebat,</strong></span> <span class='ocrx_word' id='word_1_94' title='bbox 963 1193 1051 1264; x_wconf 92' lang='lat' dir='ltr'><strong>ad</strong></span> <span class='ocrx_word' id='word_1_95' title='bbox 1083 1194 1569 1265; x_wconf 89' lang='lat' dir='ltr'><strong>coemeterium</strong></span> <span class='ocrx_word' id='word_1_96' title='bbox 1606 1195 1843 1266; x_wconf 90' lang='lat' dir='ltr'><strong>beatae</strong></span> <span class='ocrx_word' id='word_1_97' title='bbox 1890 1195 2218 1277; x_wconf 90' lang='lat' dir='ltr'><strong>Lucillae,</strong></span> <span class='ocrx_word' id='word_1_98' title='bbox 2262 1196 2385 1265; x_wconf 91' lang='lat' dir='ltr'><strong>ubi</strong></span> <span class='ocrx_word' id='word_1_99' title='bbox 2436 1195 2676 1265; x_wconf 89' lang='lat' dir='ltr'><strong>multis</strong></span> <span class='ocrx_word' id='word_1_100' title='bbox 2713 1194 3141 1266; x_wconf 87' lang='lat' dir='ltr'><strong>adhortatio·</strong></span> 
     </span>
     <span class='ocr_line' id='line_1_12' title="bbox 588 1282 3142 1366; baseline 0.002 -15"><span class='ocrx_word' id='word_1_101' title='bbox 588 1282 798 1353; x_wconf 92' lang='lat' dir='ltr'><strong>nibus</strong></span> <span class='ocrx_word' id='word_1_102' title='bbox 846 1283 1269 1354; x_wconf 87' lang='lat' dir='ltr'><strong>Christianos</strong></span> <span class='ocrx_word' id='word_1_103' title='bbox 1316 1283 1827 1366; x_wconf 86' lang='lat' dir='ltr'><strong>consolabatur,</strong></span> <span class='ocrx_word' id='word_1_104' title='bbox 1866 1284 1890 1353; x_wconf 92' lang='lat' dir='ltr'><strong>i</strong></span> <span class='ocrx_word' id='word_1_105' title='bbox 1942 1306 2055 1356; x_wconf 90' lang='lat' dir='ltr'><strong>sos</strong></span> <span class='ocrx_word' id='word_1_106' title='bbox 2099 1286 2381 1356; x_wconf 89' lang='lat' dir='ltr'><strong>hortans</strong></span> <span class='ocrx_word' id='word_1_107' title='bbox 2421 1295 2489 1354; x_wconf 92' lang='lat' dir='ltr'><strong>et</strong></span> <span class='ocrx_word' id='word_1_108' title='bbox 2533 1285 3015 1365; x_wconf 88' lang='lat' dir='ltr'><strong>corroborans,</strong></span> <span class='ocrx_word' id='word_1_109' title='bbox 3038 1305 3142 1355; x_wconf 51' lang='lat' dir='ltr'><strong>»ne</strong></span> 
     </span>
     <span class='ocr_line' id='line_1_13' title="bbox 587 1373 3143 1463; baseline 0.002 -23"><span class='ocrx_word' id='word_1_110' title='bbox 587 1375 1065 1458; x_wconf 83' lang='lat' dir='ltr'><strong>Tyrannorum</strong></span> <span class='ocrx_word' id='word_1_111' title='bbox 1109 1373 1337 1442; x_wconf 87' lang='lat' dir='ltr'><strong>minas</strong></span> <span class='ocrx_word' id='word_1_112' title='bbox 1384 1385 1451 1443; x_wconf 91' lang='lat' dir='ltr'><strong>et</strong></span> <span class='ocrx_word' id='word_1_113' title='bbox 1489 1386 1825 1444; x_wconf 89' lang='lat' dir='ltr'><strong>tormenta</strong></span> <span class='ocrx_word' id='word_1_114' title='bbox 1910 1374 2355 1456; x_wconf 86' lang='lat' dir='ltr'><strong>ormidarent‚</strong></span> <span class='ocrx_word' id='word_1_115' title='bbox 2410 1393 2571 1442; x_wconf 91' lang='lat' dir='ltr'><strong>cum</strong></span> <span class='ocrx_word' id='word_1_116' title='bbox 2612 1373 2947 1443; x_wconf 86' lang='lat' dir='ltr'><strong>Dominus</strong></span> <span class='ocrx_word' id='word_1_117' title='bbox 2989 1374 3143 1463; x_wconf 87' lang='lat' dir='ltr'><strong>ipse</strong></span> 
     </span>
     <span class='ocr_line' id='line_1_14' title="bbox 586 1459 3141 1555; baseline 0.002 -27"><span class='ocrx_word' id='word_1_118' title='bbox 586 1459 801 1531; x_wconf 89' lang='lat' dir='ltr'><strong>dicat:</strong></span> <span class='ocrx_word' id='word_1_119' title='bbox 852 1462 1075 1531; x_wconf 79' lang='lat' dir='ltr'><strong>Nolite</strong></span> <span class='ocrx_word' id='word_1_120' title='bbox 1103 1463 1337 1531; x_wconf 78' lang='lat' dir='ltr'><strong>timere</strong></span> <span class='ocrx_word' id='word_1_121' title='bbox 1382 1484 1490 1533; x_wconf 76' lang='lat' dir='ltr'><strong>eos</strong></span> <span class='ocrx_word' id='word_1_122' title='bbox 1531 1465 1657 1555; x_wconf 79' lang='lat' dir='ltr'><strong>qui</strong></span> <span class='ocrx_word' id='word_1_123' title='bbox 1692 1473 1972 1555; x_wconf 79' lang='lat' dir='ltr'><strong>possunt</strong></span> <span class='ocrx_word' id='word_1_124' title='bbox 2001 1464 2299 1533; x_wconf 80' lang='lat' dir='ltr'><strong>occidere</strong></span> <span class='ocrx_word' id='word_1_125' title='bbox 2348 1483 2610 1553; x_wconf 74' lang='lat' dir='ltr'><strong>corpus,</strong></span> <span class='ocrx_word' id='word_1_126' title='bbox 2650 1464 2953 1532; x_wconf 79' lang='lat' dir='ltr'><strong>animam</strong></span> <span class='ocrx_word' id='word_1_127' title='bbox 2983 1484 3141 1534; x_wconf 79' lang='lat' dir='ltr'><strong>vero</strong></span> 
     </span>
     <span class='ocr_line' id='line_1_15' title="bbox 583 1551 3141 1643; baseline 0.002 -25"><span class='ocrx_word' id='word_1_128' title='bbox 583 1571 716 1619; x_wconf 83' lang='lat' dir='ltr'><strong>non</strong></span> <span class='ocrx_word' id='word_1_129' title='bbox 793 1560 1018 1618; x_wconf 75' lang='lat' dir='ltr'><strong>ossum</strong></span> <span class='ocrx_word' id='word_1_130' title='bbox 1057 1551 1392 1621; x_wconf 80' lang='lat' dir='ltr'><strong>occidere:</strong></span> <span class='ocrx_word' id='word_1_131' title='bbox 1425 1554 1651 1623; x_wconf 78' lang='lat' dir='ltr'><strong>timete</strong></span> <span class='ocrx_word' id='word_1_132' title='bbox 1684 1555 1907 1634; x_wconf 76' lang='lat' dir='ltr'><strong>illum,</strong></span> <span class='ocrx_word' id='word_1_133' title='bbox 1993 1556 2071 1623; x_wconf 85' lang='lat' dir='ltr'><strong>ui</strong></span> <span class='ocrx_word' id='word_1_134' title='bbox 2092 1561 2306 1643; x_wconf 75' lang='lat' dir='ltr'><strong>potest</strong></span> <span class='ocrx_word' id='word_1_135' title='bbox 2351 1562 2414 1621; x_wconf 82' lang='lat' dir='ltr'><strong>et</strong></span> <span class='ocrx_word' id='word_1_136' title='bbox 2448 1553 2752 1621; x_wconf 80' lang='lat' dir='ltr'><strong>animam</strong></span> <span class='ocrx_word' id='word_1_137' title='bbox 2789 1562 2853 1621; x_wconf 81' lang='lat' dir='ltr'><strong>et</strong></span> <span class='ocrx_word' id='word_1_138' title='bbox 2896 1575 3141 1642; x_wconf 75' lang='lat' dir='ltr'><strong>corpus</strong></span> 
     </span>
     <span class='ocr_line' id='line_1_16' title="bbox 579 1576 3141 1732; baseline 0.003 -26"><span class='ocrx_word' id='word_1_139' title='bbox 579 1659 704 1728; x_wconf 85' lang='lat' dir='ltr'><strong>per</strong></span> <span class='ocrx_word' id='word_1_140' title='bbox 825 1661 860 1707; x_wconf 89' lang='lat' dir='ltr'><strong>e</strong></span> <span class='ocrx_word' id='word_1_141' title='bbox 911 1641 983 1707; x_wconf 80' lang='lat' dir='ltr'><strong>in</strong></span> <span class='ocrx_word' id='word_1_142' title='bbox 1044 1640 1421 1729; x_wconf 69' lang='lat' dir='ltr'><strong>yelzemtam</strong></span> <span class='ocrx_word' id='word_1_143' title='bbox 1464 1640 1624 1732; x_wconf 74' lang='lat' dir='ltr'><strong>(Em</strong></span> <span class='ocrx_word' id='word_1_144' title='bbox 1646 1644 1886 1712; x_wconf 67' lang='lat' dir='ltr'><strong>Manli.</strong></span> <span class='ocrx_word' id='word_1_145' title='bbox 1929 1576 2024 1732; x_wconf 57' lang='grc' dir='ltr'><strong>ἕ).</strong></span> <span class='ocrx_word' id='word_1_146' title='bbox 2079 1641 2200 1712; x_wconf 88' lang='lat' dir='ltr'><strong>His</strong></span> <span class='ocrx_word' id='word_1_147' title='bbox 2252 1640 2854 1712; x_wconf 83' lang='lat' dir='ltr'><strong>adhortationibus</strong></span> <span class='ocrx_word' id='word_1_148' title='bbox 2909 1641 3141 1713; x_wconf 89' lang='lat' dir='ltr'><strong>bonus</strong></span> 
     </span>
     <span class='ocr_line' id='line_1_17' title="bbox 584 1724 3142 1817; baseline 0.002 -23"><span class='ocrx_word' id='word_1_149' title='bbox 584 1724 702 1796; x_wconf 91' lang='lat' dir='ltr'><strong>ille</strong></span> <span class='ocrx_word' id='word_1_150' title='bbox 742 1739 977 1816; x_wconf 91' lang='lat' dir='ltr'><strong>pastor</strong></span> <span class='ocrx_word' id='word_1_151' title='bbox 1025 1729 1339 1817; x_wconf 87' lang='lat' dir='ltr'><strong>proprias</strong></span> <span class='ocrx_word' id='word_1_152' title='bbox 1385 1751 1543 1800; x_wconf 88' lang='lat' dir='ltr'><strong>oves</strong></span> <span class='ocrx_word' id='word_1_153' title='bbox 1589 1732 2038 1812; x_wconf 79' lang='lat' dir='ltr'><strong>confirmanS,</strong></span> <span class='ocrx_word' id='word_1_154' title='bbox 2091 1730 2344 1800; x_wconf 90' lang='lat' dir='ltr'><strong>obtulit</strong></span> <span class='ocrx_word' id='word_1_155' title='bbox 2388 1729 2655 1800; x_wconf 90' lang='lat' dir='ltr'><strong>Christo</strong></span> <span class='ocrx_word' id='word_1_156' title='bbox 2718 1734 2848 1799; x_wconf 88' lang='lat' dir='ltr'><strong>Deo</strong></span> <span class='ocrx_word' id='word_1_157' title='bbox 2905 1729 3142 1800; x_wconf 91' lang='lat' dir='ltr'><strong>omni-</strong></span> 
     </span>
     <span class='ocr_line' id='line_1_18' title="bbox 587 1814 1336 1906; baseline 0.004 -22"><span class='ocrx_word' id='word_1_158' title='bbox 587 1816 846 1906; x_wconf 86' lang='lat' dir='ltr'><strong>potenti</strong></span> <span class='ocrx_word' id='word_1_159' title='bbox 896 1814 1336 1887; x_wconf 90' lang='lat' dir='ltr'><strong>oblationem.</strong></span> 
     </span>
    </p>

    <p class='ocr_par' dir='ltr' id='par_1_3' title="bbox 673 1905 3138 2008">
     <span class='ocr_line' id='line_1_19' title="bbox 673 1905 3138 2008; baseline 0 -32"><span class='ocrx_word' id='word_1_160' title='bbox 673 1906 709 1992; x_wconf 79' lang='lat'><strong>§</strong></span> <span class='ocrx_word' id='word_1_161' title='bbox 756 1909 887 1977; x_wconf 63' lang='lat'><strong>12.</strong></span> <span class='ocrx_word' id='word_1_162' title='bbox 939 1910 1016 1974; x_wconf 74' lang='lat' dir='ltr'><strong>At</strong></span> <span class='ocrx_word' id='word_1_163' title='bbox 1064 1905 1324 1995; x_wconf 89' lang='lat' dir='ltr'><strong>impius</strong></span> <span class='ocrx_word' id='word_1_164' title='bbox 1354 1906 1780 1989; x_wconf 78' lang='lat' dir='ltr'><strong>ValerianuS,</strong></span> <span class='ocrx_word' id='word_1_165' title='bbox 1835 1931 1997 1979; x_wconf 91' lang='lat' dir='ltr'><strong>cum</strong></span> <span class='ocrx_word' id='word_1_166' title='bbox 2046 1920 2113 1978; x_wconf 89' lang='lat' dir='ltr'><strong>et</strong></span> <span class='ocrx_word' id='word_1_167' title='bbox 2159 1906 2391 1978; x_wconf 82' lang='lat' dir='ltr'><strong>Martis</strong></span> <span class='ocrx_word' id='word_1_168' title='bbox 2425 1907 2764 2008; x_wconf 82' lang='lat' dir='ltr'><strong>templum</strong></span> <span class='ocrx_word' id='word_1_169' title='bbox 2814 1927 3138 1978; x_wconf 88' lang='lat' dir='ltr'><strong>eversum</strong></span> 
     </span>
    </p>

    <p class='ocr_par' dir='ltr' id='par_1_4' title="bbox 575 1991 3142 4394">
     <span class='ocr_line' id='line_1_20' title="bbox 584 1991 3140 2086; baseline 0.002 -24"><span class='ocrx_word' id='word_1_170' title='bbox 584 1991 822 2074; x_wconf 86' lang='lat' dir='ltr'><strong>fuisse,</strong></span> <span class='ocrx_word' id='word_1_171' title='bbox 873 2005 940 2064; x_wconf 83' lang='lat' dir='ltr'><strong>et</strong></span> <span class='ocrx_word' id='word_1_172' title='bbox 986 1994 1529 2066; x_wconf 89' lang='lat' dir='ltr'><strong>Christianorum</strong></span> <span class='ocrx_word' id='word_1_173' title='bbox 1593 1997 2114 2067; x_wconf 89' lang='lat' dir='ltr'><strong>multitudinem</strong></span> <span class='ocrx_word' id='word_1_174' title='bbox 2176 2019 2337 2066; x_wconf 91' lang='lat' dir='ltr'><strong>cum</strong></span> <span class='ocrx_word' id='word_1_175' title='bbox 2400 1996 2731 2066; x_wconf 79' lang='lat' dir='ltr'><strong>Pontifice</strong></span> <span class='ocrx_word' id='word_1_176' title='bbox 2788 1996 3140 2086; x_wconf 90' lang='lat' dir='ltr'><strong>Stephano</strong></span> 
     </span>
     <span class='ocr_line' id='line_1_21' title="bbox 584 2081 3142 2177; baseline 0.001 -25"><span class='ocrx_word' id='word_1_177' title='bbox 584 2102 735 2152; x_wconf 90' lang='lat' dir='ltr'><strong>esse</strong></span> <span class='ocrx_word' id='word_1_178' title='bbox 781 2081 1205 2166; x_wconf 91' lang='lat' dir='ltr'><strong>audivisset,</strong></span> <span class='ocrx_word' id='word_1_179' title='bbox 1275 2085 1462 2155; x_wconf 89' lang='lat' dir='ltr'><strong>misit</strong></span> <span class='ocrx_word' id='word_1_180' title='bbox 1510 2085 1766 2156; x_wconf 90' lang='lat' dir='ltr'><strong>milites</strong></span> <span class='ocrx_word' id='word_1_181' title='bbox 1827 2086 2030 2177; x_wconf 83' lang='lat' dir='ltr'><strong>longe</strong></span> <span class='ocrx_word' id='word_1_182' title='bbox 2128 2084 2315 2156; x_wconf 91' lang='lat' dir='ltr'><strong>lures</strong></span> <span class='ocrx_word' id='word_1_183' title='bbox 2370 2085 2481 2154; x_wconf 89' lang='lat' dir='ltr'><strong>his</strong></span> <span class='ocrx_word' id='word_1_184' title='bbox 2535 2107 2711 2172; x_wconf 90' lang='lat' dir='ltr'><strong>quos</strong></span> <span class='ocrx_word' id='word_1_185' title='bbox 2759 2097 2959 2153; x_wconf 89' lang='lat' dir='ltr'><strong>antea</strong></span> <span class='ocrx_word' id='word_1_186' title='bbox 3007 2086 3142 2155; x_wconf 91' lang='lat' dir='ltr'><strong>mi-</strong></span> 
     </span>
     <span class='ocr_line' id='line_1_22' title="bbox 586 2108 3137 2263; baseline 0.001 -21"><span class='ocrx_word' id='word_1_187' title='bbox 586 2183 789 2242; x_wconf 86' lang='lat' dir='ltr'><strong>serat.</strong></span> <span class='ocrx_word' id='word_1_188' title='bbox 841 2172 974 2254; x_wconf 86' lang='lat' dir='ltr'><strong>Qui</strong></span> <span class='ocrx_word' id='word_1_189' title='bbox 1018 2193 1180 2242; x_wconf 90' lang='lat' dir='ltr'><strong>cum</strong></span> <span class='ocrx_word' id='word_1_190' title='bbox 1216 2174 1582 2255; x_wconf 88' lang='lat' dir='ltr'><strong>venissent,</strong></span> <span class='ocrx_word' id='word_1_191' title='bbox 1636 2175 2052 2245; x_wconf 89' lang='lat' dir='ltr'><strong>invenerunt</strong></span> <span class='ocrx_word' id='word_1_192' title='bbox 2083 2108 2359 2244; x_wconf 59' lang='lat' dir='ltr'><strong>geatam</strong></span> <span class='ocrx_word' id='word_1_193' title='bbox 2413 2173 2811 2244; x_wconf 86' lang='lat' dir='ltr'><strong>Pontificem</strong></span> <span class='ocrx_word' id='word_1_194' title='bbox 2845 2174 3137 2263; x_wconf 89' lang='lat' dir='ltr'><strong>Stepha—</strong></span> 
     </span>
     <span class='ocr_line' id='line_1_23' title="bbox 587 2262 3138 2334; baseline 0.002 -7"><span class='ocrx_word' id='word_1_195' title='bbox 587 2280 755 2328; x_wconf 89' lang='lat' dir='ltr'><strong>num</strong></span> <span class='ocrx_word' id='word_1_196' title='bbox 789 2264 922 2331; x_wconf 87' lang='lat' dir='ltr'><strong>Deo</strong></span> <span class='ocrx_word' id='word_1_197' title='bbox 962 2262 1382 2332; x_wconf 86' lang='lat' dir='ltr'><strong>sacrificium</strong></span> <span class='ocrx_word' id='word_1_198' title='bbox 1419 2262 1841 2333; x_wconf 84' lang='lat' dir='ltr'><strong>offerentem.</strong></span> <span class='ocrx_word' id='word_1_199' title='bbox 1893 2264 2181 2334; x_wconf 90' lang='lat' dir='ltr'><strong>Illorum</strong></span> <span class='ocrx_word' id='word_1_200' title='bbox 2221 2274 2452 2333; x_wconf 90' lang='lat' dir='ltr'><strong>autem</strong></span> <span class='ocrx_word' id='word_1_201' title='bbox 2495 2262 2798 2332; x_wconf 89' lang='lat' dir='ltr'><strong>adventu</strong></span> <span class='ocrx_word' id='word_1_202' title='bbox 2845 2277 3138 2333; x_wconf 85' lang='lat' dir='ltr'><strong>sanctus</strong></span> 
     </span>
     <span class='ocr_line' id='line_1_24' title="bbox 586 2346 3136 2453; baseline 0.002 -37"><span class='ocrx_word' id='word_1_203' title='bbox 586 2346 964 2440; x_wconf 81' lang='lat' dir='ltr'><strong>Episcopus</strong></span> <span class='ocrx_word' id='word_1_204' title='bbox 998 2351 1171 2420; x_wconf 88' lang='lat' dir='ltr'><strong>nihil</strong></span> <span class='ocrx_word' id='word_1_205' title='bbox 1211 2352 1648 2453; x_wconf 87' lang='lat' dir='ltr'><strong>perturbatus</strong></span> <span class='ocrx_word' id='word_1_206' title='bbox 1693 2364 1831 2424; x_wconf 89' lang='lat' dir='ltr'><strong>est:</strong></span> <span class='ocrx_word' id='word_1_207' title='bbox 1897 2352 2015 2423; x_wconf 91' lang='lat' dir='ltr'><strong>sed</strong></span> <span class='ocrx_word' id='word_1_208' title='bbox 2058 2352 2432 2440; x_wconf 90' lang='lat' dir='ltr'><strong>tranquillo</strong></span> <span class='ocrx_word' id='word_1_209' title='bbox 2494 2363 2559 2421; x_wconf 91' lang='lat' dir='ltr'><strong>et</strong></span> <span class='ocrx_word' id='word_1_210' title='bbox 2613 2352 2846 2438; x_wconf 87' lang='lat' dir='ltr'><strong>quieto</strong></span> <span class='ocrx_word' id='word_1_211' title='bbox 2893 2352 3136 2421; x_wconf 89' lang='lat' dir='ltr'><strong>animo</strong></span> 
     </span>
     <span class='ocr_line' id='line_1_25' title="bbox 585 2437 3136 2533; baseline 0.002 -26"><span class='ocrx_word' id='word_1_212' title='bbox 585 2437 851 2510; x_wconf 89' lang='lat' dir='ltr'><strong>Christo</strong></span> <span class='ocrx_word' id='word_1_213' title='bbox 887 2443 1017 2509; x_wconf 91' lang='lat' dir='ltr'><strong>Deo</strong></span> <span class='ocrx_word' id='word_1_214' title='bbox 1050 2441 1470 2512; x_wconf 80' lang='lat' dir='ltr'><strong>sacrificium</strong></span> <span class='ocrx_word' id='word_1_215' title='bbox 1504 2441 1790 2527; x_wconf 66' lang='lat' dir='ltr'><strong>obtulit,</strong></span> <span class='ocrx_word' id='word_1_216' title='bbox 1846 2455 2050 2531; x_wconf 89' lang='lat' dir='ltr'><strong>atque</strong></span> <span class='ocrx_word' id='word_1_217' title='bbox 2097 2441 2356 2514; x_wconf 87' lang='lat' dir='ltr'><strong>ibidem</strong></span> <span class='ocrx_word' id='word_1_218' title='bbox 2405 2441 2629 2533; x_wconf 87' lang='lat' dir='ltr'><strong>capite</strong></span> <span class='ocrx_word' id='word_1_219' title='bbox 2677 2440 3136 2512; x_wconf 83' lang='lat' dir='ltr'><strong>obtruncatus</strong></span> 
     </span>
     <span class='ocr_line' id='line_1_26' title="bbox 583 2529 3135 2623; baseline 0.002 -27"><span class='ocrx_word' id='word_1_220' title='bbox 583 2538 709 2607; x_wconf 88' lang='lat' dir='ltr'><strong>est,</strong></span> <span class='ocrx_word' id='word_1_221' title='bbox 753 2542 998 2613; x_wconf 85' lang='lat' dir='ltr'><strong>quarto</strong></span> <span class='ocrx_word' id='word_1_222' title='bbox 1044 2536 1272 2602; x_wconf 89' lang='lat' dir='ltr'><strong>Nonas</strong></span> <span class='ocrx_word' id='word_1_223' title='bbox 1317 2533 1629 2623; x_wconf 84' lang='lat' dir='ltr'><strong>Augusti.</strong></span> <span class='ocrx_word' id='word_1_224' title='bbox 1684 2533 2053 2603; x_wconf 84' lang='lat' dir='ltr'><strong>Christiani</strong></span> <span class='ocrx_word' id='word_1_225' title='bbox 2090 2553 2268 2613; x_wconf 85' lang='lat' dir='ltr'><strong>vero,</strong></span> <span class='ocrx_word' id='word_1_226' title='bbox 2323 2531 2444 2619; x_wconf 89' lang='lat' dir='ltr'><strong>qui</strong></span> <span class='ocrx_word' id='word_1_227' title='bbox 2492 2541 2690 2600; x_wconf 87' lang='lat' dir='ltr'><strong>erant</strong></span> <span class='ocrx_word' id='word_1_228' title='bbox 2746 2529 2913 2610; x_wconf 90' lang='lat' dir='ltr'><strong>illic,</strong></span> <span class='ocrx_word' id='word_1_229' title='bbox 2965 2551 3135 2600; x_wconf 91' lang='lat' dir='ltr'><strong>cum</strong></span> 
     </span>
     <span class='ocr_line' id='line_1_27' title="bbox 584 2617 3130 2709; baseline 0 -24"><span class='ocrx_word' id='word_1_230' title='bbox 584 2637 656 2685; x_wconf 91' lang='lat' dir='ltr'><strong>se</strong></span> <span class='ocrx_word' id='word_1_231' title='bbox 706 2617 823 2687; x_wconf 90' lang='lat' dir='ltr'><strong>tali</strong></span> <span class='ocrx_word' id='word_1_232' title='bbox 870 2632 1142 2708; x_wconf 87' lang='lat' dir='ltr'><strong>pastore</strong></span> <span class='ocrx_word' id='word_1_233' title='bbox 1205 2621 1482 2691; x_wconf 90' lang='lat' dir='ltr'><strong>orbatos</strong></span> <span class='ocrx_word' id='word_1_234' title='bbox 1547 2621 1927 2703; x_wconf 90' lang='lat' dir='ltr'><strong>vidissent,</strong></span> <span class='ocrx_word' id='word_1_235' title='bbox 1997 2620 2253 2691; x_wconf 86' lang='lat' dir='ltr'><strong>multas</strong></span> <span class='ocrx_word' id='word_1_236' title='bbox 2312 2620 2660 2709; x_wconf 87' lang='lat' dir='ltr'><strong>lacrymas</strong></span> <span class='ocrx_word' id='word_1_237' title='bbox 2705 2618 3130 2689; x_wconf 84' lang='lat' dir='ltr'><strong>effuderunt.</strong></span> 
     </span>
     <span class='ocr_line' id='line_1_28' title="bbox 583 2704 3129 2799; baseline 0.002 -26"><span class='ocrx_word' id='word_1_238' title='bbox 583 2704 746 2791; x_wconf 88' lang='lat' dir='ltr'><strong>Ejus</strong></span> <span class='ocrx_word' id='word_1_239' title='bbox 777 2719 1004 2777; x_wconf 89' lang='lat' dir='ltr'><strong>autem</strong></span> <span class='ocrx_word' id='word_1_240' title='bbox 1042 2709 1507 2779; x_wconf 86' lang='lat' dir='ltr'><strong>venerandum</strong></span> <span class='ocrx_word' id='word_1_241' title='bbox 1535 2731 1791 2799; x_wconf 88' lang='lat' dir='ltr'><strong>corpus</strong></span> <span class='ocrx_word' id='word_1_242' title='bbox 1827 2710 1894 2778; x_wconf 90' lang='lat' dir='ltr'><strong>in</strong></span> <span class='ocrx_word' id='word_1_243' title='bbox 1928 2709 2048 2779; x_wconf 90' lang='lat' dir='ltr'><strong>illa</strong></span> <span class='ocrx_word' id='word_1_244' title='bbox 2080 2709 2317 2779; x_wconf 88' lang='lat' dir='ltr'><strong>eadem</strong></span> <span class='ocrx_word' id='word_1_245' title='bbox 2355 2721 2595 2799; x_wconf 84' lang='lat' dir='ltr'><strong>crypta</strong></span> <span class='ocrx_word' id='word_1_246' title='bbox 2629 2707 3129 2797; x_wconf 89' lang='lat' dir='ltr'><strong>deposuerunt,</strong></span> 
     </span>
     <span class='ocr_line' id='line_1_29' title="bbox 582 2793 3136 2889; baseline 0.002 -28"><span class='ocrx_word' id='word_1_247' title='bbox 582 2793 705 2862; x_wconf 92' lang='lat' dir='ltr'><strong>ubi</strong></span> <span class='ocrx_word' id='word_1_248' title='bbox 738 2807 803 2863; x_wconf 91' lang='lat' dir='ltr'><strong>et</strong></span> <span class='ocrx_word' id='word_1_249' title='bbox 848 2797 998 2879; x_wconf 82' lang='lat' dir='ltr'><strong>ejus</strong></span> <span class='ocrx_word' id='word_1_250' title='bbox 1032 2798 1318 2887; x_wconf 87' lang='lat' dir='ltr'><strong>sanguis</strong></span> <span class='ocrx_word' id='word_1_251' title='bbox 1370 2799 1634 2868; x_wconf 83' lang='lat' dir='ltr'><strong>effusus</strong></span> <span class='ocrx_word' id='word_1_252' title='bbox 1686 2797 1930 2880; x_wconf 85' lang='lat' dir='ltr'><strong>suerat,</strong></span> <span class='ocrx_word' id='word_1_253' title='bbox 1982 2799 2054 2866; x_wconf 92' lang='lat' dir='ltr'><strong>in</strong></span> <span class='ocrx_word' id='word_1_254' title='bbox 2095 2799 2204 2867; x_wconf 89' lang='lat' dir='ltr'><strong>via</strong></span> <span class='ocrx_word' id='word_1_255' title='bbox 2250 2798 2490 2889; x_wconf 80' lang='lat' dir='ltr'><strong>Appia,</strong></span> <span class='ocrx_word' id='word_1_256' title='bbox 2545 2797 2614 2865; x_wconf 91' lang='lat' dir='ltr'><strong>in</strong></span> <span class='ocrx_word' id='word_1_257' title='bbox 2678 2817 2819 2884; x_wconf 89' lang='lat' dir='ltr'><strong>qua</strong></span> <span class='ocrx_word' id='word_1_258' title='bbox 2866 2808 3136 2887; x_wconf 86' lang='lat' dir='ltr'><strong>martyr</strong></span> 
     </span>
     <span class='ocr_line' id='line_1_30' title="bbox 583 2879 1771 2974; baseline 0.003 -26"><span class='ocrx_word' id='word_1_259' title='bbox 583 2879 701 2951; x_wconf 91' lang='lat' dir='ltr'><strong>ille</strong></span> <span class='ocrx_word' id='word_1_260' title='bbox 751 2883 967 2953; x_wconf 86' lang='lat' dir='ltr'><strong>multa</strong></span> <span class='ocrx_word' id='word_1_261' title='bbox 1006 2907 1165 2954; x_wconf 90' lang='lat' dir='ltr'><strong>cum</strong></span> <span class='ocrx_word' id='word_1_262' title='bbox 1200 2908 1368 2974; x_wconf 89' lang='lat' dir='ltr'><strong>pace</strong></span> <span class='ocrx_word' id='word_1_263' title='bbox 1417 2887 1771 2974; x_wconf 87' lang='lat' dir='ltr'><strong>requievit.</strong></span> 
     </span>
     <span class='ocr_line' id='line_1_31' title="bbox 589 2972 3132 3068; baseline 0 -24"><span class='ocrx_word' id='word_1_264' title='bbox 589 3056 602 3068; x_wconf 32' lang='grc' dir='ltr'>α</span> <span class='ocrx_word' id='word_1_265' title='bbox 672 2972 710 3056; x_wconf 68' lang='grc' dir='ltr'>ἓ</span> <span class='ocrx_word' id='word_1_266' title='bbox 741 2975 879 3044; x_wconf 72' lang='grc'><strong>18.</strong></span> <span class='ocrx_word' id='word_1_267' title='bbox 914 2973 1163 3042; x_wconf 88' lang='lat' dir='ltr'><strong>Eodem</strong></span> <span class='ocrx_word' id='word_1_268' title='bbox 1195 2974 1308 3043; x_wconf 93' lang='lat' dir='ltr'><strong>die</strong></span> <span class='ocrx_word' id='word_1_269' title='bbox 1339 2975 1593 3045; x_wconf 88' lang='lat' dir='ltr'><strong>milites</strong></span> <span class='ocrx_word' id='word_1_270' title='bbox 1627 2974 1968 3045; x_wconf 88' lang='lat' dir='ltr'><strong>idolorum</strong></span> <span class='ocrx_word' id='word_1_271' title='bbox 2004 2973 2305 3044; x_wconf 89' lang='lat' dir='ltr'><strong>cultores</strong></span> <span class='ocrx_word' id='word_1_272' title='bbox 2341 2974 2717 3044; x_wconf 88' lang='lat' dir='ltr'><strong>Diaconum</strong></span> <span class='ocrx_word' id='word_1_273' title='bbox 2752 2973 3132 3060; x_wconf 86' lang='lat' dir='ltr'><strong>quemdam</strong></span> 
     </span>
     <span class='ocr_line' id='line_1_32' title="bbox 584 3061 3135 3153; baseline 0.004 -29"><span class='ocrx_word' id='word_1_274' title='bbox 584 3075 1017 3141; x_wconf 83' lang='lat' dir='ltr'><strong>invenerunt,</strong></span> <span class='ocrx_word' id='word_1_275' title='bbox 1071 3061 1486 3132; x_wconf 88' lang='lat' dir='ltr'><strong>Tharsitium</strong></span> <span class='ocrx_word' id='word_1_276' title='bbox 1539 3065 1818 3133; x_wconf 88' lang='lat' dir='ltr'><strong>nomine</strong></span> <span class='ocrx_word' id='word_1_277' title='bbox 1841 3063 1898 3143; x_wconf 75' lang='lat'><strong>*,</strong></span> <span class='ocrx_word' id='word_1_278' title='bbox 1934 3064 2054 3149; x_wconf 92' lang='lat' dir='ltr'><strong>qui</strong></span> <span class='ocrx_word' id='word_1_279' title='bbox 2090 3063 2548 3152; x_wconf 88' lang='lat' dir='ltr'><strong>purissimum</strong></span> <span class='ocrx_word' id='word_1_280' title='bbox 2592 3062 2838 3132; x_wconf 85' lang='lat' dir='ltr'><strong>Christi</strong></span> <span class='ocrx_word' id='word_1_281' title='bbox 2872 3083 3135 3153; x_wconf 89' lang='lat' dir='ltr'><strong>corpus</strong></span> 
     </span>
     <span class='ocr_line' id='line_1_33' title="bbox 582 3143 3133 3242; baseline 0.004 -29"><span class='ocrx_word' id='word_1_282' title='bbox 582 3143 862 3217; x_wconf 86' lang='lat' dir='ltr'><strong>ferebat.</strong></span> <span class='ocrx_word' id='word_1_283' title='bbox 915 3151 1595 3239; x_wconf 79' lang='lat' dir='ltr'><strong>comprehenderunt</strong></span> <span class='ocrx_word' id='word_1_284' title='bbox 1670 3153 1882 3242; x_wconf 83' lang='lat' dir='ltr'><strong>igitur</strong></span> <span class='ocrx_word' id='word_1_285' title='bbox 1926 3151 2128 3220; x_wconf 89' lang='lat' dir='ltr'><strong>illum</strong></span> <span class='ocrx_word' id='word_1_286' title='bbox 2181 3151 2474 3221; x_wconf 88' lang='lat' dir='ltr'><strong>milites:</strong></span> <span class='ocrx_word' id='word_1_287' title='bbox 2551 3173 2852 3238; x_wconf 89' lang='lat' dir='ltr'><strong>cumque</strong></span> <span class='ocrx_word' id='word_1_288' title='bbox 2899 3154 3133 3222; x_wconf 88' lang='lat' dir='ltr'><strong>curio-</strong></span> 
     </span>
     <span class='ocr_line' id='line_1_34' title="bbox 587 3234 3130 3335; baseline 0.004 -33"><span class='ocrx_word' id='word_1_289' title='bbox 587 3234 733 3335; x_wconf 82' lang='lat' dir='ltr'><strong>sius</strong></span> <span class='ocrx_word' id='word_1_290' title='bbox 781 3236 868 3306; x_wconf 91' lang='lat' dir='ltr'><strong>ab</strong></span> <span class='ocrx_word' id='word_1_291' title='bbox 915 3260 994 3307; x_wconf 91' lang='lat' dir='ltr'><strong>eo</strong></span> <span class='ocrx_word' id='word_1_292' title='bbox 1040 3238 1489 3325; x_wconf 84' lang='lat' dir='ltr'><strong>inquirerent,</strong></span> <span class='ocrx_word' id='word_1_293' title='bbox 1528 3240 1863 3327; x_wconf 88' lang='lat' dir='ltr'><strong>quidnam</strong></span> <span class='ocrx_word' id='word_1_294' title='bbox 1906 3262 2143 3310; x_wconf 89' lang='lat' dir='ltr'><strong>secum</strong></span> <span class='ocrx_word' id='word_1_295' title='bbox 2191 3240 2416 3321; x_wconf 83' lang='lat' dir='ltr'><strong>ferret,</strong></span> <span class='ocrx_word' id='word_1_296' title='bbox 2468 3252 2534 3310; x_wconf 92' lang='lat' dir='ltr'><strong>et</strong></span> <span class='ocrx_word' id='word_1_297' title='bbox 2571 3241 2720 3330; x_wconf 91' lang='lat' dir='ltr'><strong>ipse</strong></span> <span class='ocrx_word' id='word_1_298' title='bbox 2753 3239 3130 3329; x_wconf 86' lang='lat' dir='ltr'><strong>indignum</strong></span> 
     </span>
     <span class='ocr_line' id='line_1_35' title="bbox 575 3322 3131 3425; baseline 0.004 -35"><span class='ocrx_word' id='word_1_299' title='bbox 575 3322 943 3425; x_wconf 70' lang='lat' dir='ltr'><strong>judicaret,</strong></span> <span class='ocrx_word' id='word_1_300' title='bbox 994 3339 1152 3396; x_wconf 90' lang='lat' dir='ltr'><strong>ante</strong></span> <span class='ocrx_word' id='word_1_301' title='bbox 1192 3351 1433 3417; x_wconf 89' lang='lat' dir='ltr'><strong>porcos</strong></span> <span class='ocrx_word' id='word_1_302' title='bbox 1466 3330 1874 3420; x_wconf 83' lang='lat' dir='ltr'><strong>margaritas</strong></span> <span class='ocrx_word' id='word_1_303' title='bbox 1923 3330 2279 3419; x_wconf 89' lang='lat' dir='ltr'><strong>projicere,</strong></span> <span class='ocrx_word' id='word_1_304' title='bbox 2327 3329 2523 3399; x_wconf 88' lang='lat' dir='ltr'><strong>nulla</strong></span> <span class='ocrx_word' id='word_1_305' title='bbox 2561 3330 2822 3399; x_wconf 90' lang='lat' dir='ltr'><strong>ratione</strong></span> <span class='ocrx_word' id='word_1_306' title='bbox 2868 3329 3131 3400; x_wconf 90' lang='lat' dir='ltr'><strong>adduci</strong></span> 
     </span>
     <span class='ocr_line' id='line_1_36' title="bbox 583 3417 3131 3568; baseline 0.004 -89"><span class='ocrx_word' id='word_1_307' title='bbox 583 3422 848 3568; x_wconf 62' lang='lat' dir='ltr'><strong>potuit,</strong></span> <span class='ocrx_word' id='word_1_308' title='bbox 902 3427 978 3484; x_wconf 89' lang='lat' dir='ltr'><strong>ut</strong></span> <span class='ocrx_word' id='word_1_309' title='bbox 1042 3417 1559 3487; x_wconf 89' lang='lat' dir='ltr'><strong>sanctissimum</strong></span> <span class='ocrx_word' id='word_1_310' title='bbox 1608 3439 1690 3487; x_wconf 92' lang='lat' dir='ltr'><strong>ac</strong></span> <span class='ocrx_word' id='word_1_311' title='bbox 1741 3418 2194 3508; x_wconf 89' lang='lat' dir='ltr'><strong>purissimum</strong></span> <span class='ocrx_word' id='word_1_312' title='bbox 2246 3430 2757 3489; x_wconf 90' lang='lat' dir='ltr'><strong>sacramentum</strong></span> <span class='ocrx_word' id='word_1_313' title='bbox 2826 3419 3131 3509; x_wconf 88' lang='lat' dir='ltr'><strong>impuris</strong></span> 
     </span>
     <span class='ocr_line' id='line_1_37' title="bbox 617 3501 3132 3609; baseline 0.003 -41"><span class='ocrx_word' id='word_1_314' title='bbox 617 3501 987 3601; x_wconf 32' lang='lat' dir='ltr'><strong>‘ominibus</strong></span> <span class='ocrx_word' id='word_1_315' title='bbox 1034 3505 1378 3575; x_wconf 87' lang='lat' dir='ltr'><strong>revelaret.</strong></span> <span class='ocrx_word' id='word_1_316' title='bbox 1449 3507 1670 3596; x_wconf 87' lang='lat' dir='ltr'><strong>Virgis</strong></span> <span class='ocrx_word' id='word_1_317' title='bbox 1723 3507 1932 3608; x_wconf 80' lang='lat' dir='ltr'><strong>igitur</strong></span> <span class='ocrx_word' id='word_1_318' title='bbox 1978 3521 2042 3578; x_wconf 92' lang='lat' dir='ltr'><strong>et</strong></span> <span class='ocrx_word' id='word_1_319' title='bbox 2089 3507 2440 3609; x_wconf 87' lang='lat' dir='ltr'><strong>lapidibus</strong></span> <span class='ocrx_word' id='word_1_320' title='bbox 2486 3528 2794 3594; x_wconf 88' lang='lat' dir='ltr'><strong>eousque</strong></span> <span class='ocrx_word' id='word_1_321' title='bbox 2851 3507 3132 3578; x_wconf 86' lang='lat' dir='ltr'><strong>Tharsi-</strong></span> 
     </span>
     <span class='ocr_line' id='line_1_38' title="bbox 586 3593 3129 3687; baseline 0.005 -30"><span class='ocrx_word' id='word_1_322' title='bbox 586 3601 758 3659; x_wconf 80' lang='lat' dir='ltr'><strong>ttum</strong></span> <span class='ocrx_word' id='word_1_323' title='bbox 804 3593 1288 3674; x_wconf 87' lang='lat' dir='ltr'><strong>contuderunt,</strong></span> <span class='ocrx_word' id='word_1_324' title='bbox 1322 3594 1550 3682; x_wconf 89' lang='lat' dir='ltr'><strong>quoad</strong></span> <span class='ocrx_word' id='word_1_325' title='bbox 1601 3597 1922 3685; x_wconf 79' lang='lat' dir='ltr'><strong>spiritum</strong></span> <span class='ocrx_word' id='word_1_326' title='bbox 1954 3596 2226 3667; x_wconf 78' lang='lat' dir='ltr'><strong>efflavit.</strong></span> <span class='ocrx_word' id='word_1_327' title='bbox 2265 3602 2435 3667; x_wconf 88' lang='lat' dir='ltr'><strong>Cum</strong></span> <span class='ocrx_word' id='word_1_328' title='bbox 2475 3618 2635 3666; x_wconf 83' lang='lat' dir='ltr'><strong>vero</strong></span> <span class='ocrx_word' id='word_1_329' title='bbox 2667 3596 2820 3667; x_wconf 84' lang='lat' dir='ltr'><strong>e&#39;us</strong></span> <span class='ocrx_word' id='word_1_330' title='bbox 2866 3618 3129 3687; x_wconf 90' lang='lat' dir='ltr'><strong>corpus</strong></span> 
     </span>
     <span class='ocr_line' id='line_1_39' title="bbox 583 3679 3133 3775; baseline 0.004 -29"><span class='ocrx_word' id='word_1_331' title='bbox 583 3679 897 3750; x_wconf 86' lang='lat' dir='ltr'><strong>exanime</strong></span> <span class='ocrx_word' id='word_1_332' title='bbox 947 3703 1066 3773; x_wconf 89' lang='lat' dir='ltr'><strong>per</strong></span> <span class='ocrx_word' id='word_1_333' title='bbox 1099 3695 1348 3753; x_wconf 88' lang='lat' dir='ltr'><strong>terram</strong></span> <span class='ocrx_word' id='word_1_334' title='bbox 1382 3683 1821 3767; x_wconf 85' lang='lat' dir='ltr'><strong>volutaretur,</strong></span> <span class='ocrx_word' id='word_1_335' title='bbox 1858 3686 2115 3755; x_wconf 88' lang='lat' dir='ltr'><strong>curiosi</strong></span> <span class='ocrx_word' id='word_1_336' title='bbox 2141 3700 2207 3755; x_wconf 91' lang='lat' dir='ltr'><strong>et</strong></span> <span class='ocrx_word' id='word_1_337' title='bbox 2253 3684 2574 3775; x_wconf 83' lang='lat' dir='ltr'><strong>sacrilegi</strong></span> <span class='ocrx_word' id='word_1_338' title='bbox 2604 3684 2698 3753; x_wconf 88' lang='lat' dir='ltr'><strong>mi</strong></span> <span class='ocrx_word' id='word_1_339' title='bbox 2732 3685 2857 3754; x_wconf 88' lang='lat' dir='ltr'><strong>ites</strong></span> <span class='ocrx_word' id='word_1_340' title='bbox 2902 3706 3133 3773; x_wconf 89' lang='lat' dir='ltr'><strong>neque</strong></span> 
     </span>
     <span class='ocr_line' id='line_1_40' title="bbox 581 3767 3130 3864; baseline 0.002 -28"><span class='ocrx_word' id='word_1_341' title='bbox 581 3767 713 3837; x_wconf 90' lang='lat' dir='ltr'><strong>sub</strong></span> <span class='ocrx_word' id='word_1_342' title='bbox 745 3769 933 3840; x_wconf 89' lang='lat' dir='ltr'><strong>ulnis</strong></span> <span class='ocrx_word' id='word_1_343' title='bbox 983 3772 1163 3841; x_wconf 89' lang='lat' dir='ltr'><strong>intra</strong></span> <span class='ocrx_word' id='word_1_344' title='bbox 1211 3773 1541 3848; x_wconf 79' lang='lat' dir='ltr'><strong>manicas,</strong></span> <span class='ocrx_word' id='word_1_345' title='bbox 1584 3796 1804 3861; x_wconf 87' lang='lat' dir='ltr'><strong>neque</strong></span> <span class='ocrx_word' id='word_1_346' title='bbox 1836 3774 1967 3844; x_wconf 90' lang='lat' dir='ltr'><strong>sub</strong></span> <span class='ocrx_word' id='word_1_347' title='bbox 1999 3776 2302 3846; x_wconf 89' lang='lat' dir='ltr'><strong>vestibus</strong></span> <span class='ocrx_word' id='word_1_348' title='bbox 2350 3772 2615 3861; x_wconf 88' lang='lat' dir='ltr'><strong>aliquid</strong></span> <span class='ocrx_word' id='word_1_349' title='bbox 2649 3773 2961 3843; x_wconf 89' lang='lat' dir='ltr'><strong>invenire</strong></span> <span class='ocrx_word' id='word_1_350' title='bbox 3001 3796 3130 3864; x_wconf 91' lang='lat' dir='ltr'><strong>po-</strong></span> 
     </span>
     <span class='ocr_line' id='line_1_41' title="bbox 582 3860 3131 3951; baseline 0.003 -26"><span class='ocrx_word' id='word_1_351' title='bbox 582 3867 881 3929; x_wconf 88' lang='lat' dir='ltr'><strong>tuerunt.</strong></span> <span class='ocrx_word' id='word_1_352' title='bbox 936 3860 1193 3930; x_wconf 88' lang='lat' dir='ltr'><strong>Relicto</strong></span> <span class='ocrx_word' id='word_1_353' title='bbox 1227 3861 1438 3951; x_wconf 87' lang='lat' dir='ltr'><strong>igitur</strong></span> <span class='ocrx_word' id='word_1_354' title='bbox 1483 3863 1607 3945; x_wconf 89' lang='lat' dir='ltr'><strong>sic,</strong></span> <span class='ocrx_word' id='word_1_355' title='bbox 1652 3876 1730 3932; x_wconf 89' lang='lat' dir='ltr'><strong>ut</strong></span> <span class='ocrx_word' id='word_1_356' title='bbox 1771 3874 1936 3943; x_wconf 87' lang='lat' dir='ltr'><strong>erat,</strong></span> <span class='ocrx_word' id='word_1_357' title='bbox 1996 3864 2383 3934; x_wconf 88' lang='lat' dir='ltr'><strong>venerando</strong></span> <span class='ocrx_word' id='word_1_358' title='bbox 2441 3862 2560 3932; x_wconf 86' lang='lat' dir='ltr'><strong>illo</strong></span> <span class='ocrx_word' id='word_1_359' title='bbox 2608 3862 2931 3932; x_wconf 87' lang='lat' dir='ltr'><strong>Tharsitii</strong></span> <span class='ocrx_word' id='word_1_360' title='bbox 2970 3883 3131 3933; x_wconf 88' lang='lat' dir='ltr'><strong>cor-</strong></span> 
     </span>
     <span class='ocr_line' id='line_1_42' title="bbox 583 3949 3128 4043; baseline 0.003 -29"><span class='ocrx_word' id='word_1_361' title='bbox 583 3966 767 4034; x_wconf 91' lang='lat' dir='ltr'><strong>pore,</strong></span> <span class='ocrx_word' id='word_1_362' title='bbox 821 3949 1038 4020; x_wconf 89' lang='lat' dir='ltr'><strong>multo</strong></span> <span class='ocrx_word' id='word_1_363' title='bbox 1070 3972 1230 4019; x_wconf 92' lang='lat' dir='ltr'><strong>cum</strong></span> <span class='ocrx_word' id='word_1_364' title='bbox 1282 3962 1559 4042; x_wconf 89' lang='lat' dir='ltr'><strong>stupore</strong></span> <span class='ocrx_word' id='word_1_365' title='bbox 1610 3951 2070 4043; x_wconf 84' lang='lat' dir='ltr'><strong>aufugerunt,</strong></span> <span class='ocrx_word' id='word_1_366' title='bbox 2124 3966 2188 4023; x_wconf 93' lang='lat' dir='ltr'><strong>et</strong></span> <span class='ocrx_word' id='word_1_367' title='bbox 2226 3953 2312 4022; x_wconf 91' lang='lat' dir='ltr'><strong>ad</strong></span> <span class='ocrx_word' id='word_1_368' title='bbox 2363 3953 2617 4042; x_wconf 79' lang='lat' dir='ltr'><strong>Appiae</strong></span> <span class='ocrx_word' id='word_1_369' title='bbox 2666 3952 2814 4020; x_wconf 85' lang='lat' dir='ltr'><strong>viae</strong></span> <span class='ocrx_word' id='word_1_370' title='bbox 2853 3964 3128 4042; x_wconf 88' lang='lat' dir='ltr'><strong>portam</strong></span> 
     </span>
     <span class='ocr_line' id='line_1_43' title="bbox 581 4036 3128 4119; baseline 0.004 -18"><span class='ocrx_word' id='word_1_371' title='bbox 581 4036 975 4119; x_wconf 83' lang='lat' dir='ltr'><strong>venienteS,</strong></span> <span class='ocrx_word' id='word_1_372' title='bbox 1048 4038 1470 4109; x_wconf 85' lang='lat' dir='ltr'><strong>Christianos</strong></span> <span class='ocrx_word' id='word_1_373' title='bbox 1535 4041 1790 4110; x_wconf 90' lang='lat' dir='ltr'><strong>multos</strong></span> <span class='ocrx_word' id='word_1_374' title='bbox 1864 4041 2296 4111; x_wconf 88' lang='lat' dir='ltr'><strong>invenerunt.</strong></span> <span class='ocrx_word' id='word_1_375' title='bbox 2351 4048 2500 4111; x_wconf 81' lang='lat' dir='ltr'><strong>Mox</strong></span> <span class='ocrx_word' id='word_1_376' title='bbox 2552 4040 2912 4110; x_wconf 88' lang='lat' dir='ltr'><strong>Valeriano</strong></span> <span class='ocrx_word' id='word_1_377' title='bbox 2973 4062 3128 4111; x_wconf 87' lang='lat' dir='ltr'><strong>rem</strong></span> 
     </span>
     <span class='ocr_line' id='line_1_44' title="bbox 581 4129 3127 4221; baseline 0.002 -30"><span class='ocrx_word' id='word_1_378' title='bbox 581 4143 856 4195; x_wconf 90' lang='lat' dir='ltr'><strong>omnem</strong></span> <span class='ocrx_word' id='word_1_379' title='bbox 924 4149 1321 4217; x_wconf 86' lang='lat' dir='ltr'><strong>exposuere.</strong></span> <span class='ocrx_word' id='word_1_380' title='bbox 1377 4130 1501 4199; x_wconf 88' lang='lat' dir='ltr'><strong>Illo</strong></span> <span class='ocrx_word' id='word_1_381' title='bbox 1548 4143 1776 4200; x_wconf 88' lang='lat' dir='ltr'><strong>autem</strong></span> <span class='ocrx_word' id='word_1_382' title='bbox 1849 4130 1999 4221; x_wconf 91' lang='lat' dir='ltr'><strong>ipso</strong></span> <span class='ocrx_word' id='word_1_383' title='bbox 2065 4130 2176 4200; x_wconf 90' lang='lat' dir='ltr'><strong>die</strong></span> <span class='ocrx_word' id='word_1_384' title='bbox 2237 4130 2600 4200; x_wconf 87' lang='lat' dir='ltr'><strong>Christiani</strong></span> <span class='ocrx_word' id='word_1_385' title='bbox 2648 4129 3127 4199; x_wconf 87' lang='lat' dir='ltr'><strong>venerandum</strong></span> 
     </span>
     <span class='ocr_line' id='line_1_45' title="bbox 582 4210 3129 4310; baseline 0.004 -31"><span class='ocrx_word' id='word_1_386' title='bbox 582 4210 860 4302; x_wconf 86' lang='lat' dir='ltr'><strong>gloriosi</strong></span> <span class='ocrx_word' id='word_1_387' title='bbox 909 4218 1231 4307; x_wconf 86' lang='lat' dir='ltr'><strong>martyris</strong></span> <span class='ocrx_word' id='word_1_388' title='bbox 1291 4219 1612 4290; x_wconf 87' lang='lat' dir='ltr'><strong>Tharsitii</strong></span> <span class='ocrx_word' id='word_1_389' title='bbox 1680 4241 1934 4310; x_wconf 86' lang='lat' dir='ltr'><strong>corpus</strong></span> <span class='ocrx_word' id='word_1_390' title='bbox 1999 4219 2070 4289; x_wconf 91' lang='lat' dir='ltr'><strong>in</strong></span> <span class='ocrx_word' id='word_1_391' title='bbox 2120 4219 2525 4289; x_wconf 87' lang='lat' dir='ltr'><strong>coemeterio</strong></span> <span class='ocrx_word' id='word_1_392' title='bbox 2572 4217 2803 4288; x_wconf 88' lang='lat' dir='ltr'><strong>Calisti</strong></span> <span class='ocrx_word' id='word_1_393' title='bbox 2869 4218 2937 4287; x_wconf 92' lang='lat' dir='ltr'><strong>in</strong></span> <span class='ocrx_word' id='word_1_394' title='bbox 3011 4217 3129 4288; x_wconf 86' lang='lat' dir='ltr'><strong>via</strong></span> 
     </span>
     <span class='ocr_line' id='line_1_46' title="bbox 583 4301 2064 4394; baseline 0.011 -25"><span class='ocrx_word' id='word_1_395' title='bbox 583 4301 799 4391; x_wconf 78' lang='lat' dir='ltr'><strong>Appia</strong></span> <span class='ocrx_word' id='word_1_396' title='bbox 844 4303 1334 4394; x_wconf 89' lang='lat' dir='ltr'><strong>deposuerunt.</strong></span> <span class='ocrx_word' id='word_1_397' title='bbox 2057 4324 2064 4329; x_wconf 78' lang='grc'><strong>’</strong></span> 
     </span>
    </p>
   </div>
   <div class='ocr_carea' id='block_1_3' title="bbox 636 4426 2638 4485">
    <p class='ocr_par' dir='ltr' id='par_1_5' title="bbox 636 4426 2638 4485">
     <span class='ocr_line' id='line_1_47' title="bbox 636 4426 2638 4485; baseline 0.003 -18"><span class='ocrx_word' id='word_1_398' title='bbox 636 4426 662 4453; x_wconf 76' lang='grc'><em>*</em></span> <span class='ocrx_word' id='word_1_399' title='bbox 690 4429 809 4469; x_wconf 82' lang='lat' dir='ltr'><strong>Eum</strong></span> <span class='ocrx_word' id='word_1_400' title='bbox 820 4432 988 4472; x_wconf 77' lang='lat' dir='ltr'><strong>recolit</strong></span> <span class='ocrx_word' id='word_1_401' title='bbox 1000 4432 1242 4482; x_wconf 67' lang='lat' dir='ltr'><strong>martyrol.</strong></span> <span class='ocrx_word' id='word_1_402' title='bbox 1267 4443 1331 4476; x_wconf 79' lang='lat' dir='ltr'><strong>xv</strong></span> <span class='ocrx_word' id='word_1_403' title='bbox 1351 4435 1465 4485; x_wconf 72' lang='lat' dir='ltr'><strong>Aug.</strong></span> <span class='ocrx_word' id='word_1_404' title='bbox 1484 4435 1568 4476; x_wconf 83' lang='lat' dir='ltr'><strong>sed</strong></span> <span class='ocrx_word' id='word_1_405' title='bbox 1585 4435 1833 4485; x_wconf 63' lang='lat' dir='ltr'><strong>acolytum</strong></span> <span class='ocrx_word' id='word_1_406' title='bbox 1861 4434 1977 4477; x_wconf 81' lang='lat' dir='ltr'><strong>dicit</strong></span> <span class='ocrx_word' id='word_1_407' title='bbox 1995 4436 2048 4477; x_wconf 85' lang='lat' dir='ltr'><strong>ut</strong></span> <span class='ocrx_word' id='word_1_408' title='bbox 2069 4436 2160 4477; x_wconf 72' lang='lat' dir='ltr'><strong>alta</strong></span> <span class='ocrx_word' id='word_1_409' title='bbox 2179 4434 2492 4476; x_wconf 78' lang='lat' dir='ltr'><strong>communiter</strong></span> <span class='ocrx_word' id='word_1_410' title='bbox 2513 4434 2638 4475; x_wconf 74' lang='lat' dir='ltr'><strong>Acta.</strong></span> 
     </span>
    </p>
   </div>
  </div>
 </body>
</html>
