3308 5004
179 304 373 372 AUG.
426 304 513 373 23
762 324 843 372 ns
889 323 982 385 ss,
1033 322 1332 387 omnmo,-
1380 326 1647 378 asrsmo
1693 329 1771 377 nr
1816 327 1993 379 socc.
2042 329 2160 379 n.
2519 314 2639 382 57⁴

174 408 426 510 Lysias
454 413 734 480 Praeses
763 408 972 480 dixit:
1008 410 1178 493 Quis
1208 410 1510 483 diceris?
1555 411 1888 485 Claudius
1921 433 2147 485 vocor.
2186 413 2422 503 Lysias
2454 419 2739 490 Praeses

176 497 383 569 dixit:
413 497 562 569 Noli
587 498 824 568 florem
841 497 1228 588 juventutis
1261 513 1419 571 tuae
1439 521 1563 591 per
1584 501 1957 573 amentiam
1992 501 2301 593 perdere,
2332 502 2451 576 sed
2481 504 2737 578 accede

176 600 254 658 et
291 586 608 659 sacrifica
640 586 800 668 diis,
834 587 1421 676 quemadmodum
1451 590 1728 678 jussere
1755 591 2043 682 Augusti
2076 590 2348 663 domini
2381 593 2627 677 nostri,
2660 606 2743 666 ut

175 678 411 778 possis
459 688 699 767 parata
734 675 856 745 tibi
906 689 1243 748 tormenta
1291 677 1526 749 vitare.
1580 683 1647 750 S.
1701 678 2034 751 Claudius
2071 680 2209 750 ait:
2263 685 2508 754 «Deus
2540 704 2738 756 meus

179 764 258 836 1d
320 788 544 858 genus
591 764 913 836 sacrificii
974 785 1116 836 non
1163 765 1369 837 habet
1411 789 1634 860 opus:
1687 767 2144 859 eleemosynis
2204 768 2323 840 ille
2476 771 2616 842 tius
2672 782 2739 843 et

181 854 365 925 vitae
393 853 853 927 sanctimonia
899 852 1301 927 delectatur.
1355 857 1459 927 Dii
1506 871 1738 928 autem
1772 857 2001 939 vestri,
2055 857 2320 948 impuri
2414 881 2737 933 aemones
2812 915 2828 927 ,

181 957 374 1026 sunt,
419 943 862 1036 gaudentque
907 942 1314 1034 hujusmodi
1365 945 1753 1028 sacriflciiS,
1813 946 2074 1034 quibus
2130 947 2407 1019 animae
2454 947 2736 1021 illorum

180 1045 543 1104 aeternum
595 1031 726 1112 sibi
775 1032 1060 1104 exitium
1093 1034 1580 1115 consciscunt,
1631 1036 1754 1136 qui
1802 1056 1919 1107 eos
1963 1035 2225 1106 colunt.
2277 1035 2482 1108 Nulla
2520 1036 2736 1138 igitur

179 1122 452 1193 ratione
491 1120 662 1192 mihi
723 1122 976 1212 poteris
1030 1122 1469 1212 persuadere,
1524 1135 1601 1193 ut
1648 1123 1806 1193 illos
1851 1123 2099 1195 colam.
2141 1146 2177 1191 »
2227 1125 2467 1215 Lysias
2513 1126 2731 1197 duit:

182 1210 283 1281 Ad
338 1211 566 1312 virgas
612 1210 741 1280 iste
794 1221 1117 1301 aptetur:
1172 1233 1305 1282 non
1355 1212 1541 1282 enim
1594 1211 1732 1282 alia
1788 1212 1896 1283 via
1931 1213 2113 1303 ‚ejus
2216 1213 2416 1286 oterit
2463 1214 2738 1286 insania

185 1300 483 1370 domari.
538 1297 868 1370 Claudius
913 1299 1053 1369 ait:
1107 1322 1143 1366 «
1174 1300 1455 1371 Etiamsi
1496 1300 1606 1371 his
1637 1301 1953 1393 graviora
1999 1300 2164 1371 adhi
2216 1323 2331 1373 eas
2367 1315 2727 1385 tormenta,

182 1410 299 1459 me
330 1388 610 1477 quidem
654 1409 941 1478 prorsus
987 1387 1161 1458 nihil
1205 1387 1460 1471 laedis,
1516 1403 1868 1466 tuaeavero
1925 1390 2202 1462 animae
2237 1392 2500 1463 aeterni
2546 1392 2733 1485 ignis

181 1477 534 1569 supplicia
590 1497 817 1567 paras.
850 1498 888 1544 »
937 1477 1175 1567 Lysias
1234 1482 1512 1549 Praeses
1557 1478 1775 1548 dixit:
1832 1480 2103 1549 Domini
2150 1480 2366 1552 nostri
2423 1485 2734 1571 Impera-

178 1579 363 1638 tores
393 1567 783 1656 jusserunt,
836 1578 913 1636 ut
960 1560 1330 1637 Christiani
1375 1566 1511 1637 diis
1557 1566 1973 1637 sacrificent.
2029 1568 2094 1638 Si
2143 1569 2268 1657 qui
2326 1568 2395 1640 id
2456 1569 2726 1651 nolint,

176 1678 297 1726 eos
360 1653 598 1747 puniri
663 1653 945 1724 volunt:
1013 1676 1216 1746 porro
1263 1655 1904 1746 obtemperantibus
1950 1655 2246 1727 honores
2310 1671 2377 1730 et
2438 1679 2734 1731 munera

179 1744 622 1836 pollicentur.
677 1742 1009 1815 Claudius
1057 1744 1200 1814 ait:
1268 1766 1305 1812 «
1356 1744 1642 1815 Illorum
1687 1766 2001 1827 munera,
2063 1747 2479 1838 temporaria
2526 1760 2734 1819 sunt:

180 1833 434 1905 Christi
465 1843 694 1903 autem
726 1831 1090 1915 confessio,
1144 1843 1493 1904 aeternam
1533 1834 1930 1905 animarum
1972 1833 2263 1910 salutem
2311 1836 2658 1908 conciliat.
2694 1859 2732 1905 »

272 1925 309 2011 ξ
362 1928 453 1994 ².
506 1926 678 1990 Tum
727 1925 1005 1992 Praeses
1051 1945 1210 1993 eum
1251 1922 1467 2013 jussit
1513 1922 1581 1992 in
1630 1922 1871 1993 eculeo
1919 1922 2279 2015 suspendi,
2330 1937 2397 1996 et
2425 1925 2579 1996 e‘us
2615 1947 2732 2016 pe-

186 2009 398 2082 dibus
445 2010 764 2080 flammas
818 2009 1221 2081 admoveri:
1289 2011 1666 2102 particulas
1726 2034 2001 2100 quoque
2058 2033 2140 2082 ex
2187 2011 2341 2101 ejus
2386 2012 2734 2085 cacaneis

184 2099 560 2183 praecisas,
599 2096 701 2168 illi
729 2099 983 2170 offerri.
1038 2099 1363 2172 Claudius
1410 2101 1554 2170 ait:
1609 2101 1738 2184 Qui
1791 2105 2004 2172 Deum
2054 2101 2319 2186 timent,
2372 2123 2500 2173 nec
2548 2103 2726 2194 igni·

182 2186 367 2269 buS,
420 2210 544 2257 nec
591 2186 755 2259 ullis
805 2201 1302 2259 tormentorum
1365 2190 1607 2280 poenis
1676 2201 1967 2280 possunt
2030 2189 2257 2260 laedi:
2310 2190 2526 2261 immo
2575 2213 2732 2263 vero

188 2275 477 2347 caedent
505 2276 673 2347 haec
713 2276 813 2347 eis
846 2276 930 2346 ad
968 2276 1260 2348 salutem
1292 2278 1812 2368 sempiternam,
1855 2277 2040 2367 quod
2075 2292 2352 2370 propter
2382 2279 2731 2352 Christum

187 2385 268 2434 ea
316 2366 688 2456 patiantur.
744 2366 982 2455 Lysias
1030 2371 1307 2438 Praeses
1354 2389 1514 2437 eum
1564 2366 1853 2458 ungulis
1899 2367 2122 2439 vexari
2171 2367 2558 2459 praecepit:
2614 2368 2732 2440 ille

184 2475 344 2527 vero
374 2454 546 2526 dixit
576 2453 662 2525 ad
696 2453 1083 2526 Praesidem
1116 2478 1132 2524 ε
1185 2477 1222 2523 «
1253 2455 1417 2527 Mihi
1458 2455 1586 2527 hoc
1613 2455 2051 2557 propositum
2099 2468 2225 2535 est,
2261 2468 2338 2529 ut
2367 2455 2730 2529 ostendam

185 2543 309 2614 tibi
337 2544 845 2625 daemonum‚te
869 2565 1019 2615 esse
1039 2558 1432 2634 patronum.
1467 2545 1630 2615 Miln
1664 2566 1821 2614 vero
1855 2565 1979 2616 nec
2006 2544 2353 2616 tantillum
2384 2546 2733 2618 nocebunt

170 2634 525 2704 cruciatus
565 2632 690 2712 tui,
745 2631 1004 2721 quibus
1050 2634 1326 2705 animae
1365 2646 1522 2705 tuae
1569 2634 1891 2704 flammas
1938 2633 2504 2725 inextinguibiles
2536 2658 2728 2707 com-

169 2743 403 2812 paraS.
451 2745 488 2790 »
537 2726 815 2792 Praeses
846 2722 990 2792 ait:
1029 2723 1243 2794 Testis
1289 2745 1367 2793 as
1418 2722 1695 2794 errimis
1721 2722 1871 2810 ejus
1919 2719 2133 2793 latera
2182 2722 2423 2806 radite,
2468 2736 2536 2794 et
2565 2745 2730 2795 can-

175 2809 370 2881 delas
414 2810 734 2880 ardentes
781 2810 1148 2902 applicate.
1201 2817 1347 2895 Quo
1445 2833 1603 2881 cum
1656 2810 1869 2894 fieret,
1918 2810 2246 2883 Claudius
2282 2811 2415 2883 ait:
2468 2814 2730 2904 «Ignis

176 2911 343 2969 tuus
373 2914 440 2969 et
491 2910 826 2970 tormenta
874 2911 994 2971 tua
1025 2899 1284 2971 salvam
1337 2899 1593 2970 faciant
1637 2899 1945 2970 animam
1995 2921 2248 2973 meam.
2301 2905 2490 2984 Quae
2534 2901 2723 2973 enim

174 2987 404 3078 patior
450 3000 727 3078 propter
760 2993 1001 3071 Deum,
1042 2989 1113 3059 in
1149 3009 1403 3079 magno
1455 2987 1652 3059 lucro
1696 2987 2015 3079 ponenda
2048 2989 2221 3059 mihi
2269 3000 2482 3060 suntt
2520 3003 2726 3078 atque

174 3076 349 3147 adeo
385 3098 569 3147 mors
619 3077 795 3167 ipsa,
843 3076 1092 3148 Christi
1138 3080 1350 3149 causa
1397 3076 1706 3160 tolerata,
1743 3076 2023 3147 divitiae
2063 3076 2432 3168 putandae.
2468 3103 2505 3148 »
2554 3084 2729 3150 Tum

171 3165 413 3256 Lysias
445 3165 684 3247 iratus,
714 3165 928 3257 jussit
955 3188 1112 3237 eum
1157 3166 1244 3236 ab
1281 3166 1518 3237 eculeo
1565 3166 1958 3256 depositum
2002 3166 2074 3237 in
2106 3167 2490 3239 custodiam
2531 3166 2721 3240 duci.

260 3255 299 3342 ξ
349 3259 442 3326 8.
497 3252 810 3325 Eulalius
874 3256 1523 3327 Commentariensis
1587 3255 1803 3326 dixit:
1872 3255 2472 3338 Quemadmodum
2532 3279 2728 3348 prae-

174 3342 359 3433 cepit
394 3355 690 3432 potestas
739 3356 856 3414 tua
883 3396 901 3425 ,
956 3342 1238 3414 domine
1277 3349 1578 3425 PraeseS,
1631 3344 1937 3415 Asterius
1983 3343 2176 3416 adest
2222 3344 2431 3416 frater
2476 3367 2727 3418 secun-

172 3430 331 3502 dus,
387 3432 625 3521 Lysias
660 3437 938 3503 Praeses
985 3431 1202 3503 dixit:
1254 3431 1369 3503 Vel
1404 3447 1476 3503 tu
1505 3432 1714 3505 fidem
1765 3433 2134 3504 commoda
2170 3433 2374 3505 dictis
2427 3436 2624 3513 meis,
2661 3447 2727 3505 et

174 3519 490 3592 sacrifica
537 3520 716 3603 diis,
771 3542 907 3591 non
964 3520 1341 3612 ignorans,
1403 3544 1582 3611 quae
1641 3521 1990 3613 supplicia
2037 3534 2363 3593 maneant
2411 3522 2719 3594 rebelles.

170 3610 476 3681 Asterius
526 3610 925 3699 respondit:
980 3632 1017 3677 «
1048 3614 1239 3683 Unus
1284 3624 1387 3682 est
1434 3616 1637 3692 Deus,
1691 3611 1812 3698 qui
1861 3624 2197 3682 venturus
2249 3623 2351 3682 est
2397 3612 2483 3682 ad
2537 3613 2723 3683 vivos

174 3710 240 3768 et
288 3714 597 3770 mortuos
636 3698 1101 3791 judicandos:
1153 3699 1275 3788 qui
1321 3699 1392 3769 in
1442 3699 1633 3770 coelo
1679 3699 2024 3778 habitans,
2075 3699 2148 3770 in
2185 3722 2438 3792 magna
2481 3701 2725 3770 virtute

170 3807 295 3857 sua
346 3788 639 3858 humilia
671 3788 973 3878 respicit.
1009 3793 1211 3860 Hunc
1259 3810 1385 3880 ego
1433 3802 1511 3859 ut
1556 3787 1851 3859 colerem
1902 3802 1967 3857 et
2014 3809 2320 3859 amarem
2349 3842 2364 3871 ,
2420 3810 2530 3859 me
2580 3788 2723 3858 mei

178 3875 471 3947 docuere
503 3890 842 3967 parentes.
896 3882 1083 3961 Quos
1114 3898 1273 3949 vero
1324 3891 1398 3948 tu
1443 3877 1639 3959 coliS,
1691 3898 2005 3965 quosque
2034 3889 2127 3977 ‚²¹3
2173 3876 2338 3947 deos
2384 3875 2718 3978 appellaS,

173 3963 223 4032 ii
247 3978 507 4036 certum
538 3965 861 4036 adserunt
892 3967 1203 4048 exitium,
1248 3979 1314 4037 et
1356 3966 1502 4048 tibi,
1540 3982 1607 4036 et
1637 3965 1968 4036 omnibus
2001 3964 2124 4035 tibi
2158 3965 2716 4038 assentientibus.

175 4055 420 4123 Eorum
470 4053 724 4137 cultus,
764 4053 1073 4126 humana
1101 4055 1495 4126 adinventio
1526 4068 1651 4136 est,
1692 4075 1827 4124 non
1866 4053 2137 4124 veritas.
2178 4077 2216 4121 »
2255 4054 2495 4145 Lysias
2523 4059 2722 4125 Prae-

174 4161 306 4222 ses,
347 4140 454 4212 his
485 4143 766 4226 auditiS,
800 4142 1013 4232 jussit
1041 4165 1201 4214 eum
1232 4166 1511 4231 quoque
1551 4141 1886 4233 suspendi
1920 4143 1990 4211 in
2025 4142 2285 4224 eculeo,
2326 4142 2423 4213 ita
2452 4141 2717 4216 dicens:

176 4232 502 4302 vexantes
549 4232 760 4304 latera
821 4234 973 4323 ejus
1006 4287 1021 4314 ,
1076 4232 1325 4304 dicite:
1381 4232 1494 4302 Vel
1562 4254 1751 4302 nunc
1797 4230 2087 4302 credens
2116 4286 2133 4313 ,
2193 4231 2509 4303 sacrifica
2555 4231 2717 4302 diis.

173 4319 474 4390 Asterius
517 4321 653 4391 ait:
708 4345 745 4389 «
780 4325 1010 4392 Frater
1058 4342 1212 4392 sum
1248 4320 1467 4403 illius,
1518 4321 1636 4409 qui
1689 4318 1899 4411 paulo
1946 4332 2106 4390 ante
2151 4321 2278 4392 abs
2324 4333 2388 4392 te
2434 4320 2722 4392 interro-

174 4417 396 4497 gatuS,
449 4410 802 4501 respondit
828 4411 977 4482 tibi.
1019 4410 1183 4482 Mihi
1218 4432 1374 4482 vero
1407 4422 1474 4480 et
1503 4408 1602 4480 illi
1640 4431 1829 4479 unus
1857 4422 1959 4480 est
1992 4409 2299 4492 animus,
2339 4409 2721 4499 eademque
