3308 5004
638 313 768 380 430
1212 332 1292 379 nn
1339 333 1396 380 s.
1449 330 1820 379 rumenam
1866 327 2112 379 una-m
2157 329 2430 377 entur.
2770 311 2953 378 AUG.
3004 311 3100 379 20

550 415 900 506 negotium
937 414 1361 488 obedientiae
1393 414 1982 502 illi‚,demandans‚
2020 415 2167 486 solo
2195 415 2402 485 verbo
2434 412 2529 484 ait
2558 413 2646 484 ad
2680 435 2839 486 eum
2869 438 2885 482 :
2936 415 3094 498 Abi,

547 515 612 573 et
637 516 992 586 revertere,
1022 516 1087 574 et
1111 503 1361 575 desinex
1382 504 1511 574 hac
1535 503 1710 574 febri
1745 504 2081 575 laborare.
2113 509 2264 574 Mox
2296 502 2412 573 ille
2437 503 2661 594 surgit
2684 503 3091 585 incolumis,

550 604 617 662 et
662 592 813 662 sine
867 614 1056 663 mora
1102 594 1508 681 exequitur,
1560 592 1745 681 quod
1793 605 1941 664 erat
1979 593 2224 681 jussus
2271 615 2311 662 a
2359 607 2596 662 sancto
2647 593 2835 664 viro:
2885 592 3103 684 cujus

549 702 777 840 sit-mo
814 693 1189 837 etfcausam
1225 682 1546 764 obtinuit,
1590 703 1804 770 quam
1851 683 2140 764 volebat,
2175 681 2264 751 ab
2299 681 2621 764 Ebroino,
2665 693 2732 752 et
2769 681 3098 752 morbum

549 792 589 839 a
639 791 677 840 e
730 781 778 839 it
816 792 857 838 a
917 784 1118 840 ratre.

638 793 854 946 §git
907 857 1251 929 Inciderat
1295 858 1714 946 quandoque
1774 857 2125 929 discordia
2188 857 2578 947 quaedam,
2632 859 2835 948 cujus
2880 860 3102 929 causa

551 968 837 1048 propere
863 948 1197 1017 Lutetiam
1237 969 1312 1019 se
1343 947 1654 1018 contulit.
1689 947 1817 1018 Sed
1846 947 2199 1038 malignus
2230 946 2550 1029 daemon,
2581 948 2726 1035 qui,
2775 959 2849 1017 ut
2877 969 2965 1017 su
3019 968 3103 1017 ra

549 1035 877 1117 diximuS,
920 1057 1195 1127 semper
1222 1036 1285 1106 ei
1317 1035 1608 1106 infestus
1643 1057 1796 1107 esse
1827 1036 2234 1118 conabatur,
2288 1037 2440 1126 eJus
2477 1034 2797 1107 felicibus
2821 1036 2954 1106 acti
3010 1058 3099 1106 us

550 1124 890 1206 invidenS,
934 1146 1073 1213 quo
1113 1124 1264 1195 lites
1295 1146 1616 1226 procaces
1664 1137 1939 1206 sereret,
1993 1147 2216 1196 unum
2266 1147 2305 1195 e
2339 1125 2612 1197 civibus
2646 1125 2980 1205 incitavit,
3017 1137 3101 1194 ut

550 1213 980 1284 chirothecas
1028 1213 1210 1284 beati
1257 1214 1386 1283 v1ri
1433 1214 1833 1303 surriperet.
1884 1213 2143 1284 Ablatis
2190 1214 2405 1305 igitur
2434 1213 2873 1295 chirothecis,
2928 1235 3096 1283 cum

546 1324 663 1373 eas
739 1313 1009 1393 postero
1073 1303 1187 1372 die
1252 1301 1355 1371 vir
1418 1315 1702 1373 sanctus
1761 1324 1894 1373 non
1945 1303 2328 1385 inveniret,
2409 1325 2536 1374 suo
2605 1324 2794 1374 more
2855 1301 3097 1372 sedato

548 1392 783 1461 animo
831 1390 897 1460 id
952 1390 1131 1461 tulit.
1185 1390 1313 1461 Sed
1364 1391 1598 1461 infelix
1648 1391 1764 1461 ille
1810 1390 1922 1460 fur
1969 1414 2341 1482 percussus
2388 1414 2428 1462 a
2468 1391 2783 1473 Domino,
2817 1390 3098 1482 magnis

549 1479 773 1569 coepit
817 1479 1118 1550 clamare
1185 1480 1468 1551 vocibus
1516 1502 1588 1552 se
1634 1480 1927 1560 ardere,
1992 1502 2117 1551 nec
2181 1481 2555 1568 quicquam
2614 1479 2805 1550 aliud
2862 1479 3101 1567 eloqui

554 1568 818 1658 potuit,
871 1568 989 1638 sed
1037 1569 1336 1639 extensis
1403 1568 1728 1640 manibus
1775 1568 2003 1659 palam
2063 1569 2395 1640 omnibus
2455 1568 2806 1639 indicabat
2854 1568 3094 1639 sinum

552 1678 811 1739 suum,
876 1656 944 1726 in
1010 1679 1216 1745 quem
1284 1657 1715 1728 chirothecas
1772 1657 2179 1728 abdiderat:
2232 1670 2439 1746 atque
2484 1657 2696 1749 paulo
2758 1669 2913 1749 post
2957 1657 3099 1727 vita

549 1743 832 1816 functus
877 1756 1001 1816 est.
1055 1744 1385 1818 Homines
1432 1758 1662 1818 autem
1714 1745 1869 1836 ejus
1923 1746 2219 1817 civitatis
2268 1747 2483 1819 secuti
2532 1747 2758 1818 virum
2811 1746 2949 1828 Dei,
3005 1744 3095 1814 ad

548 1834 1045 1903 monasterium
1079 1835 1233 1905 e'us
1278 1834 1709 1930 chirothecas
1740 1846 2218 1937 apportarunt.

638 1924 675 2009 ἓ
724 1927 872 1994 12.
926 1926 1074 2005 Qua
1125 1944 1235 1992 am
1288 1935 1482 1994 nocte
1529 1925 1600 1994 in
1649 1923 1941 1995 basihca
1970 1929 2038 1995 S.
2073 1923 2250 1994 Petri
2291 1922 2409 1993 illo
2451 1922 2776 2026 vigilante
2813 1934 2878 1992 et
2909 1922 3099 2012 psal·

550 2009 753 2090 lente,
797 2009 1081 2098 quidam
1134 2011 1516 2082 monachus
1564 2012 1984 2083 intrinsecus
2032 2013 2350 2114 vigilam,
2396 2013 2624 2083 subito
2657 2010 2827 2081 vidit
2855 2010 3099 2083 oculos

546 2096 702 2186 ejus
750 2098 969 2167 instar
1017 2098 1500 2191 lampadarum
1552 2105 1596 2171 S
1652 2100 1852 2171 iritus
1901 2105 2132 2171 Sancti
2179 2101 2402 2191 gratia
2449 2100 2914 2193 splendentes,
2961 2104 3101 2170 Ha-

550 2186 755 2257 bebat
801 2208 955 2257 vero
1001 2188 1204 2258 etiam
1256 2190 1545 2281 gratiam
1624 2211 2089 2279 acrymarum‚
2144 2191 2237 2261 ita
2284 2202 2361 2261 ut
2410 2189 2480 2259 in
2533 2211 2770 2281 preces
2817 2189 3099 2259 incum-

548 2274 775 2347 bentis
820 2275 1029 2359 oculi,
1084 2290 1359 2378 repente
1412 2277 1625 2348 multo
1673 2276 2140 2368 lacrymarum
2193 2279 2415 2351 imbre
2454 2290 2855 2348 manarent:
2891 2288 3102 2364 atque

547 2386 988 2456 summopere
1033 2365 1103 2435 id
1152 2365 1255 2435 llli
1302 2389 1510 2438 curae
1556 2377 1725 2448 erat,
1762 2380 1841 2438 ut
1882 2389 2016 2438 non
2066 2379 2225 2438 ante
2272 2368 2358 2437 ad
2400 2366 2819 2439 sumendum
2855 2367 3099 2437 cibum

548 2452 948 2555 accederet,
1002 2475 1210 2542 quam
1259 2454 1452 2529 illius
1503 2469 1743 2548 pectus
1788 2457 2347 2553 compunctionis
2380 2457 2602 2549 gratia
2635 2455 2947 2529 Christus
2993 2456 3102 2526 vi-

548 2555 842 2614 Sllasset.

635 2634 673 2721 ξ
704 2636 852 2706 18.
889 2631 1184 2716 Quidam
1214 2634 1599 2706 monachus
1628 2634 1715 2704 ad
1743 2645 2047 2705 extrema
2080 2634 2477 2726 perductus,
2514 2633 2840 2792 loquendi
2873 2633 3099 2704 facul-

548 2732 749 2791 tatem
792 2742 1067 2792 omnem
1100 2721 1359 2793 amisit.
1412 2728 1776 2814 Ingressus
1803 2723 1892 2794 ad
1926 2744 2086 2794 eum
2119 2723 2223 2792 vir
2257 2724 2518 2805 beatuS‚
2558 2724 2603 2793 b
2633 2723 2905 2793 anditer
2936 2723 3097 2793 hor·

552 2810 851 2891 tabatur,
879 2823 957 2880 ut
988 2810 1048 2880 si
1081 2810 1580 2899 quod2haberet
1618 2810 1967 2883 occultum
2010 2810 2306 2895 facinuS,
2340 2812 2543 2903 cujus
2582 2834 2744 2882 eum
2782 2811 3096 2883 nondum

547 2898 1020 2989 poenituisset,
1049 2899 1233 2985 quod
1316 2900 1689 2971 oenitentia
1719 2922 1857 2972 non
1905 2900 2269 2990 expiasset,
2311 2923 2595 2971 manum
2633 2899 2855 3002 ipsius
2884 2901 3099 2971 strin-

546 2997 757 3077 geret.
812 2986 1005 3070 Quod
1055 2987 1179 3057 ubi
1223 2987 1271 3057 il
1303 3010 1341 3058 e
1385 2988 1566 3070 fecit,
1621 2987 1729 3058 vir
1774 2989 1888 3058 Dei
1937 2988 2007 3057 in
2052 2988 2486 3060 beatissimae
2519 2994 2769 3059 Mariae
2802 2989 3098 3079 virginis

548 3073 911 3146 ecclesiam
962 3075 1318 3167 ingressus
1351 3132 1368 3160 ,
1424 3077 1791 3147 Dominum
1853 3077 2395 3168 deprecabatur.
2449 3091 2527 3149 ut
2572 3091 2847 3169 aegroto
2896 3079 3099 3148 resti-

547 3173 766 3263 tueret
797 3163 1166 3251 loquelam,
1212 3187 1297 3234 ne
1330 3165 1556 3236 malus
1587 3165 1883 3237 daemon
1917 3165 2224 3236 animam
2256 3165 2448 3236 illius
2490 3183 2768 3259 propter
2797 3166 3093 3237 abscon-

545 3252 766 3323 ditum
819 3265 1175 3342 peccatum
1240 3253 1310 3323 in
1371 3266 1703 3326 tartarum
1770 3254 2181 3346 deportaret.
2249 3256 2573 3346 Surgenti
2633 3255 2800 3326 inde
2848 3255 2954 3325 illi
3001 3256 3093 3327 ab

546 3340 875 3423 oratione,
927 3340 1136 3412 frater
1179 3340 1464 3429 quidam
1515 3342 1804 3413 nunciat
1850 3365 2051 3434 posse
2097 3343 2290 3431 loqui
2335 3342 2615 3415 fratrem
2666 3344 2913 3425 illum,
2967 3367 3095 3416 cu-

544 3451 844 3531 pereque
892 3452 1021 3500 sua
1070 3442 1345 3521 peccata
1390 3431 1729 3501 confiteri.
1798 3437 2039 3522 Itaque
2084 3432 2445 3504 confessus
2489 3446 2593 3503 est
2620 3488 2635 3516 ‚
2701 3446 2769 3503 et
2813 3446 3098 3523 accepta

550 3518 992 3610 poenitentia,
1044 3520 1348 3589 animam
1401 3519 1741 3604 reddidit,
1794 3532 1870 3592 ut
1918 3543 2142 3610 neque
2205 3522 2309 3591 vir
2355 3533 2636 3594 sanctus
2682 3522 2769 3593 de
2819 3522 3098 3593 Domini

550 3606 1024 3709 misericordia
1087 3607 1474 3692 diffideret,
1550 3612 1676 3682 nec
1742 3630 1948 3702 aeger
2013 3610 2086 3680 in
2156 3609 2636 3701 desperatione
2697 3635 2742 3682 a
2805 3633 3097 3703 corpore

543 3709 781 3767 exiret.

631 3788 669 3875 ξ
716 3790 857 3859 14.
909 3784 1029 3856 Die
1055 3785 1356 3874 quodam
1406 3786 1735 3858 fratribus
1781 3785 2017 3880 fruges
2064 3787 2484 3859 metentibus
2514 3842 2531 3870 ,
2591 3798 2658 3858 et
2705 3787 3092 3879 manipulis

544 3875 841 3965 sparsim
892 3896 1016 3966 per
1052 3897 1297 3967 agrum
1342 3873 1761 3963 jacentibus,
1816 3899 2018 3948 saeva
2049 3888 2200 3948 orta
2246 3888 2618 3968 tempestas
2662 3889 2809 3959 est,
2868 3888 2934 3948 et
2985 3877 3096 3950 fu-

542 3975 768 4035 rentes
812 3964 1089 4035 extitere
1135 3975 1491 4035 ventorum
1543 3965 1879 4037 turbines.
1932 3971 2024 4038 Ne
2086 3966 2300 4058 igitur
2345 3988 2473 4037 suo
2521 3965 2755 4037 labore
2799 3965 3093 4038 frustra-

543 4065 784 4124 rentur
810 4052 1079 4136 fratres,
1109 4054 1407 4126 extensis
1435 4053 1741 4125 brachiis
1778 4054 1885 4125 vir
1927 4065 2212 4125 sanctus
2242 4053 2566 4125 clamavit
2596 4055 2683 4126 ad
2718 4055 3091 4127 Dominum

542 4145 806 4211 Jesum.
860 4146 942 4213 Ut
988 4154 1217 4214 autem
1268 4141 1356 4212 ab
1402 4143 1713 4214 oratione
1759 4164 1834 4215 se
1878 4143 2136 4224 erexit,
2187 4142 2466 4215 coelesti
2512 4143 2760 4215 virtute
2807 4144 3092 4216 horrida

543 4240 912 4328 tempestas
941 4231 1013 4301 in
1061 4230 1240 4304 duas
1285 4232 1613 4303 distracta
1660 4243 1913 4322 parte8‚
1966 4231 2331 4324 profligata
2375 4243 2501 4305 est.
2553 4236 2769 4323 Atque
2800 4233 2895 4305 ita
2935 4233 3090 4304 red-

544 4314 687 4387 dita
732 4320 1118 4420 serenitate,
1162 4321 1485 4391 monachi
1515 4326 1650 4393 Deo
1678 4320 1922 4393 laudes
1957 4334 2323 4413 gratesque
2349 4335 2664 4413 egerunt.

630 4407 669 4494 §
714 4411 859 4481 15.
913 4413 1068 4479 Dies
1096 4421 1244 4479 erat
1272 4410 1697 4494 DominicuS‚
1726 4423 1793 4483 et
1819 4411 1924 4482 vir
1955 4410 2073 4482 Dei
2104 4409 2415 4483 confecto
2454 4411 2701 4484 itinere
2722 4410 3088 4485 festinabat
