<?xml version="1.0" encoding="UTF-8"?>
<!DOCTYPE html PUBLIC "-//W3C//DTD XHTML 1.0 Transitional//EN"
    "http://www.w3.org/TR/xhtml1/DTD/xhtml1-transitional.dtd">
<html xmlns="http://www.w3.org/1999/xhtml" xml:lang="en" lang="en">
 <head>
  <title>
</title>
<meta http-equiv="Content-Type" content="text/html;charset=utf-8" />
  <meta name='ocr-system' content='tesseract 3.04.00' />
  <meta name='ocr-capabilities' content='ocr_page ocr_carea ocr_par ocr_line ocrx_word'/>
</head>
<body>
  <div class='ocr_page' id='page_1' title='image "./historiaeseuvit01lippgoog_0256.png"; bbox 0 0 3308 5004; ppageno 0'>
   <div class='ocr_carea' id='block_1_1' title="bbox 596 353 3053 428">
    <p class='ocr_par' dir='ltr' id='par_1_1' title="bbox 596 353 3053 428">
     <span class='ocr_line' id='line_1_1' title="bbox 596 353 3053 428; baseline -0.003 -1"><span class='ocrx_word' id='word_1_1' title='bbox 596 362 727 428; x_wconf 72' lang='lat'>242</span> <span class='ocrx_word' id='word_1_2' title='bbox 999 375 1079 425; x_wconf 73' lang='lat' dir='ltr'>nn</span> <span class='ocrx_word' id='word_1_3' title='bbox 1126 375 1220 425; x_wconf 80' lang='lat' dir='ltr'>sS.</span> <span class='ocrx_word' id='word_1_4' title='bbox 1271 375 1385 424; x_wconf 74' lang='lat' dir='ltr'>n.</span> <span class='ocrx_word' id='word_1_5' title='bbox 1441 371 1624 424; x_wconf 74' lang='lat' dir='ltr'>s1x‘ro</span> <span class='ocrx_word' id='word_1_6' title='bbox 1671 372 1769 421; x_wconf 75' lang='lat' dir='ltr'>rr.</span> <span class='ocrx_word' id='word_1_7' title='bbox 1813 372 1891 420; x_wconf 65' lang='lat' dir='ltr'>ar</span> <span class='ocrx_word' id='word_1_8' title='bbox 1939 369 2292 420; x_wconf 62' lang='lat' dir='ltr'>nonturno</span> <span class='ocrx_word' id='word_1_9' title='bbox 2340 369 2562 419; x_wconf 66' lang='lat' dir='ltr'>mvn-A</span> <span class='ocrx_word' id='word_1_10' title='bbox 2741 353 2926 420; x_wconf 80' lang='lat' dir='ltr'>AUG.</span> <span class='ocrx_word' id='word_1_11' title='bbox 2967 354 3053 421; x_wconf 75' lang='lat' dir='ltr'>lo</span> 
     </span>
    </p>
   </div>
   <div class='ocr_carea' id='block_1_2' title="bbox 503 451 3058 4449">
    <p class='ocr_par' dir='ltr' id='par_1_2' title="bbox 504 451 3051 708">
     <span class='ocr_line' id='line_1_2' title="bbox 506 451 3051 553; baseline -0.001 -25"><span class='ocrx_word' id='word_1_12' title='bbox 506 457 770 530; x_wconf 77' lang='lat' dir='ltr'>familia</span> <span class='ocrx_word' id='word_1_13' title='bbox 816 468 1005 528; x_wconf 91' lang='lat' dir='ltr'>extra</span> <span class='ocrx_word' id='word_1_14' title='bbox 1057 476 1293 525; x_wconf 90' lang='lat' dir='ltr'>muros</span> <span class='ocrx_word' id='word_1_15' title='bbox 1353 468 1587 546; x_wconf 88' lang='lat' dir='ltr'>portae</span> <span class='ocrx_word' id='word_1_16' title='bbox 1633 452 2071 544; x_wconf 85' lang='lat' dir='ltr'>Tyburtinae.</span> <span class='ocrx_word' id='word_1_17' title='bbox 2138 451 2550 553; x_wconf 77' lang='lat' dir='ltr'><strong>Hippolytus</strong></span> <span class='ocrx_word' id='word_1_18' title='bbox 2596 473 2753 522; x_wconf 82' lang='lat' dir='ltr'>vero</span> <span class='ocrx_word' id='word_1_19' title='bbox 2808 474 3051 525; x_wconf 88' lang='lat' dir='ltr'>omnes</span> 
     </span>
     <span class='ocr_line' id='line_1_3' title="bbox 504 539 3051 633; baseline -0.002 -14"><span class='ocrx_word' id='word_1_20' title='bbox 504 569 668 619; x_wconf 86' lang='lat' dir='ltr'>suos</span> <span class='ocrx_word' id='word_1_21' title='bbox 714 544 1193 624; x_wconf 87' lang='lat' dir='ltr'>confirmabat,</span> <span class='ocrx_word' id='word_1_22' title='bbox 1239 543 1332 613; x_wconf 91' lang='lat' dir='ltr'>ita</span> <span class='ocrx_word' id='word_1_23' title='bbox 1378 542 1660 614; x_wconf 89' lang='lat' dir='ltr'>dicens:</span> <span class='ocrx_word' id='word_1_24' title='bbox 1728 565 1763 609; x_wconf 85' lang='lat'>«</span> <span class='ocrx_word' id='word_1_25' title='bbox 1799 547 2100 621; x_wconf 77' lang='lat' dir='ltr'>Fratres,</span> <span class='ocrx_word' id='word_1_26' title='bbox 2158 539 2367 611; x_wconf 84' lang='lat' dir='ltr'>nolite</span> <span class='ocrx_word' id='word_1_27' title='bbox 2408 554 2744 612; x_wconf 88' lang='lat' dir='ltr'>metuere:</span> <span class='ocrx_word' id='word_1_28' title='bbox 2811 564 2935 633; x_wconf 85' lang='lat' dir='ltr'>ego</span> <span class='ocrx_word' id='word_1_29' title='bbox 2981 557 3051 613; x_wconf 90' lang='lat' dir='ltr'>et</span> 
     </span>
     <span class='ocr_line' id='line_1_4' title="bbox 505 631 1761 708; baseline -0.003 -3"><span class='ocrx_word' id='word_1_30' title='bbox 505 657 626 708; x_wconf 89' lang='lat' dir='ltr'>vos</span> <span class='ocrx_word' id='word_1_31' title='bbox 671 655 895 706; x_wconf 90' lang='lat' dir='ltr'>unum</span> <span class='ocrx_word' id='word_1_32' title='bbox 951 632 1314 703; x_wconf 90' lang='lat' dir='ltr'>Dominum</span> <span class='ocrx_word' id='word_1_33' title='bbox 1348 631 1761 702; x_wconf 66' lang='lat' dir='ltr'>habemus»</span> 
     </span>
    </p>

    <p class='ocr_par' dir='ltr' id='par_1_3' title="bbox 503 718 3058 2762">
     <span class='ocr_line' id='line_1_5' title="bbox 596 718 3052 813; baseline -0.002 -17"><span class='ocrx_word' id='word_1_34' title='bbox 596 727 633 813; x_wconf 72' lang='grc' dir='ltr'><strong>ξ</strong></span> <span class='ocrx_word' id='word_1_35' title='bbox 682 727 827 796; x_wconf 65' lang='lat'>22.</span> <span class='ocrx_word' id='word_1_36' title='bbox 861 722 1072 794; x_wconf 87' lang='lat' dir='ltr'>Jussit</span> <span class='ocrx_word' id='word_1_37' title='bbox 1100 734 1326 791; x_wconf 88' lang='lat' dir='ltr'>autem</span> <span class='ocrx_word' id='word_1_38' title='bbox 1360 720 1786 800; x_wconf 82' lang='lat' dir='ltr'>ValerianuS,</span> <span class='ocrx_word' id='word_1_39' title='bbox 1819 731 1899 789; x_wconf 91' lang='lat' dir='ltr'>ut</span> <span class='ocrx_word' id='word_1_40' title='bbox 1937 719 2362 809; x_wconf 79' lang='lat' dir='ltr'><strong>inspectante</strong></span> <span class='ocrx_word' id='word_1_41' title='bbox 2391 718 2779 810; x_wconf 80' lang='lat' dir='ltr'>Hippolyto,</span> <span class='ocrx_word' id='word_1_42' title='bbox 2809 738 3052 791; x_wconf 88' lang='lat' dir='ltr'>omnes</span> 
     </span>
     <span class='ocr_line' id='line_1_6' title="bbox 508 808 3056 904; baseline -0.002 -20"><span class='ocrx_word' id='word_1_43' title='bbox 508 814 732 904; x_wconf 88' lang='lat' dir='ltr'>capite</span> <span class='ocrx_word' id='word_1_44' title='bbox 763 822 1270 891; x_wconf 90' lang='lat' dir='ltr'>truncarentur,</span> <span class='ocrx_word' id='word_1_45' title='bbox 1315 809 1771 896; x_wconf 77' lang='lat' dir='ltr'>decollatique</span> <span class='ocrx_word' id='word_1_46' title='bbox 1819 820 1984 878; x_wconf 91' lang='lat' dir='ltr'>sunt</span> <span class='ocrx_word' id='word_1_47' title='bbox 2031 808 2409 899; x_wconf 89' lang='lat' dir='ltr'>promiscui</span> <span class='ocrx_word' id='word_1_48' title='bbox 2452 829 2657 880; x_wconf 86' lang='lat' dir='ltr'>sexus</span> <span class='ocrx_word' id='word_1_49' title='bbox 2702 808 2936 880; x_wconf 89' lang='lat' dir='ltr'>decem</span> <span class='ocrx_word' id='word_1_50' title='bbox 2985 824 3056 880; x_wconf 90' lang='lat' dir='ltr'>et</span> 
     </span>
     <span class='ocr_line' id='line_1_7' title="bbox 510 895 3058 989; baseline -0.001 -18"><span class='ocrx_word' id='word_1_51' title='bbox 510 922 778 972; x_wconf 83' lang='lat' dir='ltr'>novem.</span> <span class='ocrx_word' id='word_1_52' title='bbox 833 905 1038 970; x_wconf 91' lang='lat' dir='ltr'>Porro</span> <span class='ocrx_word' id='word_1_53' title='bbox 1085 899 1360 969; x_wconf 89' lang='lat' dir='ltr'>beatum</span> <span class='ocrx_word' id='word_1_54' title='bbox 1403 897 1854 989; x_wconf 83' lang='lat' dir='ltr'><strong>Hippolytum</strong></span> <span class='ocrx_word' id='word_1_55' title='bbox 1907 896 2122 968; x_wconf 87' lang='lat' dir='ltr'>voluit</span> <span class='ocrx_word' id='word_1_56' title='bbox 2167 895 2463 988; x_wconf 90' lang='lat' dir='ltr'>pedibus</span> <span class='ocrx_word' id='word_1_57' title='bbox 2507 895 2594 965; x_wconf 91' lang='lat' dir='ltr'>ad</span> <span class='ocrx_word' id='word_1_58' title='bbox 2642 896 2822 968; x_wconf 88' lang='lat' dir='ltr'>colla</span> <span class='ocrx_word' id='word_1_59' title='bbox 2853 898 3058 969; x_wconf 90' lang='lat' dir='ltr'>indo-</span> 
     </span>
     <span class='ocr_line' id='line_1_8' title="bbox 511 985 3052 1078; baseline -0.001 -18"><span class='ocrx_word' id='word_1_60' title='bbox 511 990 838 1061; x_wconf 90' lang='lat' dir='ltr'>mitorum</span> <span class='ocrx_word' id='word_1_61' title='bbox 884 1009 1220 1077; x_wconf 88' lang='lat' dir='ltr'>equorum</span> <span class='ocrx_word' id='word_1_62' title='bbox 1274 986 1588 1078; x_wconf 88' lang='lat' dir='ltr'>ligatum.</span> <span class='ocrx_word' id='word_1_63' title='bbox 1632 1007 1754 1078; x_wconf 91' lang='lat' dir='ltr'>per</span> <span class='ocrx_word' id='word_1_64' title='bbox 1781 985 2075 1057; x_wconf 91' lang='lat' dir='ltr'>carduos</span> <span class='ocrx_word' id='word_1_65' title='bbox 2105 996 2171 1055; x_wconf 91' lang='lat' dir='ltr'>et</span> <span class='ocrx_word' id='word_1_66' title='bbox 2217 985 2509 1055; x_wconf 87' lang='lat' dir='ltr'>tribulos</span> <span class='ocrx_word' id='word_1_67' title='bbox 2542 986 2825 1077; x_wconf 81' lang='lat' dir='ltr'>raptari.</span> <span class='ocrx_word' id='word_1_68' title='bbox 2855 987 3052 1070; x_wconf 90' lang='lat' dir='ltr'>Quod</span> 
     </span>
     <span class='ocr_line' id='line_1_9' title="bbox 509 1072 3054 1166; baseline -0.001 -17"><span class='ocrx_word' id='word_1_69' title='bbox 509 1099 667 1150; x_wconf 88' lang='lat' dir='ltr'>cum</span> <span class='ocrx_word' id='word_1_70' title='bbox 719 1080 931 1158; x_wconf 86' lang='lat' dir='ltr'>fleret,</span> <span class='ocrx_word' id='word_1_71' title='bbox 979 1077 1095 1147; x_wconf 91' lang='lat' dir='ltr'>ille</span> <span class='ocrx_word' id='word_1_72' title='bbox 1155 1075 1478 1166; x_wconf 88' lang='lat' dir='ltr'>migravit</span> <span class='ocrx_word' id='word_1_73' title='bbox 1522 1075 1605 1146; x_wconf 87' lang='lat' dir='ltr'>ad</span> <span class='ocrx_word' id='word_1_74' title='bbox 1670 1075 2063 1146; x_wconf 87' lang='lat' dir='ltr'>Dominum:</span> <span class='ocrx_word' id='word_1_75' title='bbox 2118 1072 2487 1162; x_wconf 88' lang='lat' dir='ltr'>relictaque</span> <span class='ocrx_word' id='word_1_76' title='bbox 2545 1089 2712 1146; x_wconf 91' lang='lat' dir='ltr'>sunt</span> <span class='ocrx_word' id='word_1_77' title='bbox 2762 1097 3054 1166; x_wconf 88' lang='lat' dir='ltr'>corpora</span> 
     </span>
     <span class='ocr_line' id='line_1_10' title="bbox 512 1161 3056 1256; baseline -0.001 -18"><span class='ocrx_word' id='word_1_78' title='bbox 512 1179 906 1238; x_wconf 89' lang='lat' dir='ltr'>sanctorum</span> <span class='ocrx_word' id='word_1_79' title='bbox 934 1166 1005 1234; x_wconf 91' lang='lat' dir='ltr'>in</span> <span class='ocrx_word' id='word_1_80' title='bbox 1038 1185 1286 1256; x_wconf 92' lang='lat' dir='ltr'>campo</span> <span class='ocrx_word' id='word_1_81' title='bbox 1310 1164 1508 1256; x_wconf 90' lang='lat' dir='ltr'>juxta</span> <span class='ocrx_word' id='word_1_82' title='bbox 1538 1169 1587 1234; x_wconf 88' lang='lat' dir='ltr'>N</span> <span class='ocrx_word' id='word_1_83' title='bbox 1642 1163 1950 1255; x_wconf 91' lang='lat' dir='ltr'>mpham,</span> <span class='ocrx_word' id='word_1_84' title='bbox 1996 1162 2081 1233; x_wconf 89' lang='lat' dir='ltr'>ad</span> <span class='ocrx_word' id='word_1_85' title='bbox 2118 1161 2300 1233; x_wconf 87' lang='lat' dir='ltr'>latus</span> <span class='ocrx_word' id='word_1_86' title='bbox 2323 1162 2474 1254; x_wconf 88' lang='lat' dir='ltr'>agri</span> <span class='ocrx_word' id='word_1_87' title='bbox 2498 1165 2764 1246; x_wconf 85' lang='lat' dir='ltr'>Verani,</span> <span class='ocrx_word' id='word_1_88' title='bbox 2811 1164 3056 1236; x_wconf 88' lang='lat' dir='ltr'>Idibus</span> 
     </span>
     <span class='ocr_line' id='line_1_11' title="bbox 510 1251 3052 1347; baseline -0.001 -21"><span class='ocrx_word' id='word_1_89' title='bbox 510 1257 821 1347; x_wconf 80' lang='lat' dir='ltr'>Augusti.</span> <span class='ocrx_word' id='word_1_90' title='bbox 873 1259 1075 1324; x_wconf 83' lang='lat' dir='ltr'>Nocte</span> <span class='ocrx_word' id='word_1_91' title='bbox 1111 1253 1349 1325; x_wconf 89' lang='lat' dir='ltr'>eadem</span> <span class='ocrx_word' id='word_1_92' title='bbox 1378 1253 1562 1323; x_wconf 83' lang='lat' dir='ltr'>venit</span> <span class='ocrx_word' id='word_1_93' title='bbox 1640 1253 1917 1324; x_wconf 92' lang='lat' dir='ltr'>ustinus</span> <span class='ocrx_word' id='word_1_94' title='bbox 1943 1252 2322 1343; x_wconf 78' lang='lat' dir='ltr'>presbyter,</span> <span class='ocrx_word' id='word_1_95' title='bbox 2358 1251 2780 1342; x_wconf 87' lang='lat' dir='ltr'>collectaque</span> <span class='ocrx_word' id='word_1_96' title='bbox 2810 1274 3052 1323; x_wconf 89' lang='lat' dir='ltr'>eorum</span> 
     </span>
     <span class='ocr_line' id='line_1_12' title="bbox 512 1340 3051 1433; baseline -0.002 -17"><span class='ocrx_word' id='word_1_97' title='bbox 512 1367 631 1416; x_wconf 92' lang='lat' dir='ltr'>cor</span> <span class='ocrx_word' id='word_1_98' title='bbox 680 1366 800 1413; x_wconf 90' lang='lat' dir='ltr'>ora</span> <span class='ocrx_word' id='word_1_99' title='bbox 831 1342 1068 1413; x_wconf 89' lang='lat' dir='ltr'>eodem</span> <span class='ocrx_word' id='word_1_100' title='bbox 1121 1341 1269 1412; x_wconf 86' lang='lat' dir='ltr'>loco</span> <span class='ocrx_word' id='word_1_101' title='bbox 1298 1341 1630 1433; x_wconf 77' lang='lat' dir='ltr'>sepelivit.</span> <span class='ocrx_word' id='word_1_102' title='bbox 1661 1341 1891 1432; x_wconf 89' lang='lat' dir='ltr'>Coepit</span> <span class='ocrx_word' id='word_1_103' title='bbox 1914 1361 2072 1410; x_wconf 86' lang='lat' dir='ltr'>vero</span> <span class='ocrx_word' id='word_1_104' title='bbox 2119 1340 2390 1410; x_wconf 89' lang='lat' dir='ltr'>curiose</span> <span class='ocrx_word' id='word_1_105' title='bbox 2419 1340 2770 1430; x_wconf 81' lang='lat' dir='ltr'>inquirere</span> <span class='ocrx_word' id='word_1_106' title='bbox 2799 1342 3051 1412; x_wconf 91' lang='lat' dir='ltr'>diebus</span> 
     </span>
     <span class='ocr_line' id='line_1_13' title="bbox 513 1429 3046 1521; baseline -0.001 -19"><span class='ocrx_word' id='word_1_107' title='bbox 513 1455 634 1503; x_wconf 89' lang='lat' dir='ltr'>mu</span> <span class='ocrx_word' id='word_1_108' title='bbox 668 1433 752 1502; x_wconf 90' lang='lat' dir='ltr'>tis</span> <span class='ocrx_word' id='word_1_109' title='bbox 782 1453 1037 1521; x_wconf 90' lang='lat' dir='ltr'>corpus</span> <span class='ocrx_word' id='word_1_110' title='bbox 1084 1431 1320 1501; x_wconf 89' lang='lat' dir='ltr'>beatae</span> <span class='ocrx_word' id='word_1_111' title='bbox 1367 1429 1780 1501; x_wconf 79' lang='lat' dir='ltr'>Concordiae</span> <span class='ocrx_word' id='word_1_112' title='bbox 1820 1429 2458 1519; x_wconf 82' lang='lat' dir='ltr'>martyris:etcum</span> <span class='ocrx_word' id='word_1_113' title='bbox 2512 1451 2644 1500; x_wconf 92' lang='lat' dir='ltr'>non</span> <span class='ocrx_word' id='word_1_114' title='bbox 2686 1431 3046 1512; x_wconf 85' lang='lat' dir='ltr'>inveniret,</span> 
     </span>
     <span class='ocr_line' id='line_1_14' title="bbox 512 1516 3052 1607; baseline 0 -17"><span class='ocrx_word' id='word_1_115' title='bbox 512 1540 818 1590; x_wconf 90' lang='lat' dir='ltr'>moerore</span> <span class='ocrx_word' id='word_1_116' title='bbox 865 1520 1171 1601; x_wconf 79' lang='lat' dir='ltr'>affectuS,</span> <span class='ocrx_word' id='word_1_117' title='bbox 1233 1541 1369 1589; x_wconf 89' lang='lat' dir='ltr'>non</span> <span class='ocrx_word' id='word_1_118' title='bbox 1417 1520 1731 1590; x_wconf 81' lang='lat' dir='ltr'>cessabat</span> <span class='ocrx_word' id='word_1_119' title='bbox 1793 1519 2134 1607; x_wconf 87' lang='lat' dir='ltr'>lacrymas</span> <span class='ocrx_word' id='word_1_120' title='bbox 2196 1516 2506 1587; x_wconf 89' lang='lat' dir='ltr'>fundere.</span> <span class='ocrx_word' id='word_1_121' title='bbox 2560 1519 3052 1590; x_wconf 87' lang='lat' dir='ltr'>Tertiodecimo</span> 
     </span>
     <span class='ocr_line' id='line_1_15' title="bbox 512 1606 3053 1700; baseline 0 -23"><span class='ocrx_word' id='word_1_122' title='bbox 512 1623 739 1679; x_wconf 90' lang='lat' dir='ltr'>autem</span> <span class='ocrx_word' id='word_1_123' title='bbox 790 1609 900 1678; x_wconf 89' lang='lat' dir='ltr'>die</span> <span class='ocrx_word' id='word_1_124' title='bbox 930 1608 1017 1679; x_wconf 93' lang='lat' dir='ltr'>ab</span> <span class='ocrx_word' id='word_1_125' title='bbox 1050 1608 1400 1700; x_wconf 80' lang='lat' dir='ltr'>Hippolyti</span> <span class='ocrx_word' id='word_1_126' title='bbox 1446 1608 1789 1698; x_wconf 88' lang='lat' dir='ltr'>passione,</span> <span class='ocrx_word' id='word_1_127' title='bbox 1825 1606 2249 1697; x_wconf 81' lang='lat' dir='ltr'>Porphyrius</span> <span class='ocrx_word' id='word_1_128' title='bbox 2280 1606 2483 1676; x_wconf 90' lang='lat' dir='ltr'>miles</span> <span class='ocrx_word' id='word_1_129' title='bbox 2522 1609 2706 1679; x_wconf 84' lang='lat' dir='ltr'>venit</span> <span class='ocrx_word' id='word_1_130' title='bbox 2735 1609 2821 1678; x_wconf 91' lang='lat' dir='ltr'>ad</span> <span class='ocrx_word' id='word_1_131' title='bbox 2871 1608 3053 1678; x_wconf 86' lang='lat' dir='ltr'>cloa-</span> 
     </span>
     <span class='ocr_line' id='line_1_16' title="bbox 511 1694 3052 1788; baseline 0 -22"><span class='ocrx_word' id='word_1_132' title='bbox 511 1699 775 1767; x_wconf 88' lang='lat' dir='ltr'>carium</span> <span class='ocrx_word' id='word_1_133' title='bbox 824 1697 1194 1786; x_wconf 85' lang='lat' dir='ltr'>quemdam</span> <span class='ocrx_word' id='word_1_134' title='bbox 1227 1753 1243 1780; x_wconf 99' lang='lat'>,</span> <span class='ocrx_word' id='word_1_135' title='bbox 1302 1718 1588 1788; x_wconf 89' lang='lat' dir='ltr'>sperans</span> <span class='ocrx_word' id='word_1_136' title='bbox 1636 1719 1710 1767; x_wconf 90' lang='lat' dir='ltr'>se</span> <span class='ocrx_word' id='word_1_137' title='bbox 1772 1697 1839 1766; x_wconf 91' lang='lat' dir='ltr'>in</span> <span class='ocrx_word' id='word_1_138' title='bbox 1894 1694 2313 1766; x_wconf 87' lang='lat' dir='ltr'>vestimentis</span> <span class='ocrx_word' id='word_1_139' title='bbox 2359 1695 2596 1766; x_wconf 88' lang='lat' dir='ltr'>beatae</span> <span class='ocrx_word' id='word_1_140' title='bbox 2633 1697 3052 1767; x_wconf 85' lang='lat' dir='ltr'>Concordiae</span> 
     </span>
     <span class='ocr_line' id='line_1_17' title="bbox 511 1783 3052 1876; baseline 0 -20"><span class='ocrx_word' id='word_1_141' title='bbox 511 1808 786 1868; x_wconf 90' lang='lat' dir='ltr'>aurum,</span> <span class='ocrx_word' id='word_1_142' title='bbox 823 1798 1184 1876; x_wconf 90' lang='lat' dir='ltr'>argentum</span> <span class='ocrx_word' id='word_1_143' title='bbox 1228 1797 1293 1855; x_wconf 92' lang='lat' dir='ltr'>et</span> <span class='ocrx_word' id='word_1_144' title='bbox 1338 1807 1649 1876; x_wconf 89' lang='lat' dir='ltr'>gemmas</span> <span class='ocrx_word' id='word_1_145' title='bbox 1697 1796 2157 1875; x_wconf 90' lang='lat' dir='ltr'>reperturum,</span> <span class='ocrx_word' id='word_1_146' title='bbox 2203 1783 2371 1854; x_wconf 85' lang='lat' dir='ltr'>dixit</span> <span class='ocrx_word' id='word_1_147' title='bbox 2423 1806 2509 1855; x_wconf 93' lang='lat' dir='ltr'>ue</span> <span class='ocrx_word' id='word_1_148' title='bbox 2557 1785 2936 1857; x_wconf 88' lang='lat' dir='ltr'>cloacario:</span> <span class='ocrx_word' id='word_1_149' title='bbox 2982 1787 3052 1856; x_wconf 91' lang='lat' dir='ltr'>Si</span> 
     </span>
     <span class='ocr_line' id='line_1_18' title="bbox 512 1872 3049 1967; baseline -0.001 -22"><span class='ocrx_word' id='word_1_150' title='bbox 512 1875 737 1967; x_wconf 90' lang='lat' dir='ltr'>possis</span> <span class='ocrx_word' id='word_1_151' title='bbox 757 1876 1036 1945; x_wconf 91' lang='lat' dir='ltr'>tacitum</span> <span class='ocrx_word' id='word_1_152' title='bbox 1073 1874 1259 1966; x_wconf 91' lang='lat' dir='ltr'>apud</span> <span class='ocrx_word' id='word_1_153' title='bbox 1292 1886 1355 1945; x_wconf 93' lang='lat' dir='ltr'>te</span> <span class='ocrx_word' id='word_1_154' title='bbox 1395 1875 1665 1956; x_wconf 90' lang='lat' dir='ltr'>babere,</span> <span class='ocrx_word' id='word_1_155' title='bbox 1693 1874 2068 1944; x_wconf 89' lang='lat' dir='ltr'>indicarem</span> <span class='ocrx_word' id='word_1_156' title='bbox 2107 1872 2230 1942; x_wconf 91' lang='lat' dir='ltr'>tibi</span> <span class='ocrx_word' id='word_1_157' title='bbox 2257 1874 2378 1961; x_wconf 91' lang='lat' dir='ltr'>qui</span> <span class='ocrx_word' id='word_1_158' title='bbox 2431 1873 2590 1944; x_wconf 83' lang='lat' dir='ltr'>darn</span> <span class='ocrx_word' id='word_1_159' title='bbox 2629 1897 2764 1945; x_wconf 91' lang='lat' dir='ltr'>non</span> <span class='ocrx_word' id='word_1_160' title='bbox 2800 1895 3049 1967; x_wconf 91' lang='lat' dir='ltr'>parum</span> 
     </span>
     <span class='ocr_line' id='line_1_19' title="bbox 512 1961 3051 2054; baseline 0 -20"><span class='ocrx_word' id='word_1_161' title='bbox 512 1976 669 2034; x_wconf 91' lang='lat' dir='ltr'>tuae</span> <span class='ocrx_word' id='word_1_162' title='bbox 715 1965 843 2034; x_wconf 89' lang='lat' dir='ltr'>arti</span> <span class='ocrx_word' id='word_1_163' title='bbox 889 1976 1407 2052; x_wconf 90' lang='lat' dir='ltr'>quaestuosum.</span> <span class='ocrx_word' id='word_1_164' title='bbox 1447 1963 1838 2034; x_wconf 90' lang='lat' dir='ltr'>Cloacarius</span> <span class='ocrx_word' id='word_1_165' title='bbox 1886 1961 2280 2051; x_wconf 90' lang='lat' dir='ltr'>respondit:</span> <span class='ocrx_word' id='word_1_166' title='bbox 2321 1966 2667 2034; x_wconf 91' lang='lat' dir='ltr'>Secretum</span> <span class='ocrx_word' id='word_1_167' title='bbox 2719 1964 2905 2054; x_wconf 91' lang='lat' dir='ltr'>apud</span> <span class='ocrx_word' id='word_1_168' title='bbox 2940 1986 3051 2034; x_wconf 92' lang='lat' dir='ltr'>me</span> 
     </span>
     <span class='ocr_line' id='line_1_20' title="bbox 511 2050 3050 2141; baseline 0 -18"><span class='ocrx_word' id='word_1_169' title='bbox 511 2054 684 2123; x_wconf 91' lang='lat' dir='ltr'>erit:</span> <span class='ocrx_word' id='word_1_170' title='bbox 738 2064 811 2122; x_wconf 92' lang='lat' dir='ltr'>tu</span> <span class='ocrx_word' id='word_1_171' title='bbox 877 2052 1081 2123; x_wconf 90' lang='lat' dir='ltr'>modo</span> <span class='ocrx_word' id='word_1_172' title='bbox 1135 2052 1327 2122; x_wconf 90' lang='lat' dir='ltr'>dicas</span> <span class='ocrx_word' id='word_1_173' title='bbox 1375 2052 1750 2123; x_wconf 88' lang='lat' dir='ltr'>veritatem.</span> <span class='ocrx_word' id='word_1_174' title='bbox 1802 2051 1906 2121; x_wconf 80' lang='lat' dir='ltr'>Ait</span> <span class='ocrx_word' id='word_1_175' title='bbox 1971 2050 2433 2141; x_wconf 83' lang='lat' dir='ltr'>Porphyrius:</span> <span class='ocrx_word' id='word_1_176' title='bbox 2496 2057 2662 2123; x_wconf 80' lang='lat' dir='ltr'>Ante</span> <span class='ocrx_word' id='word_1_177' title='bbox 2725 2055 2849 2122; x_wconf 91' lang='lat' dir='ltr'>hos</span> <span class='ocrx_word' id='word_1_178' title='bbox 2897 2052 3050 2123; x_wconf 90' lang='lat' dir='ltr'>dies</span> 
     </span>
     <span class='ocr_line' id='line_1_21' title="bbox 503 2138 3050 2231; baseline 0.001 -21"><span class='ocrx_word' id='word_1_179' title='bbox 503 2141 717 2231; x_wconf 90' lang='lat' dir='ltr'>jussit</span> <span class='ocrx_word' id='word_1_180' title='bbox 768 2140 1171 2212; x_wconf 88' lang='lat' dir='ltr'>Valerianus</span> <span class='ocrx_word' id='word_1_181' title='bbox 1219 2140 1602 2230; x_wconf 88' lang='lat' dir='ltr'>praefectus</span> <span class='ocrx_word' id='word_1_182' title='bbox 1666 2161 1896 2210; x_wconf 89' lang='lat' dir='ltr'>coram</span> <span class='ocrx_word' id='word_1_183' title='bbox 1947 2161 2021 2209; x_wconf 91' lang='lat' dir='ltr'>se</span> <span class='ocrx_word' id='word_1_184' title='bbox 2077 2138 2521 2210; x_wconf 89' lang='lat' dir='ltr'>Concordiam</span> <span class='ocrx_word' id='word_1_185' title='bbox 2587 2140 2961 2230; x_wconf 90' lang='lat' dir='ltr'>quamdam</span> <span class='ocrx_word' id='word_1_186' title='bbox 3011 2164 3050 2212; x_wconf 88' lang='lat' dir='ltr'>e</span> 
     </span>
     <span class='ocr_line' id='line_1_22' title="bbox 513 2227 3049 2332; baseline 0.001 -34"><span class='ocrx_word' id='word_1_187' title='bbox 513 2228 775 2300; x_wconf 80' lang='lat' dir='ltr'>familia</span> <span class='ocrx_word' id='word_1_188' title='bbox 808 2229 1159 2332; x_wconf 84' lang='lat' dir='ltr'>Hippolyti</span> <span class='ocrx_word' id='word_1_189' title='bbox 1191 2229 1559 2300; x_wconf 83' lang='lat' dir='ltr'>Christiani</span> <span class='ocrx_word' id='word_1_190' title='bbox 1609 2229 1988 2319; x_wconf 91' lang='lat' dir='ltr'>plumbatis</span> <span class='ocrx_word' id='word_1_191' title='bbox 2049 2227 2367 2309; x_wconf 86' lang='lat' dir='ltr'>interfici,</span> <span class='ocrx_word' id='word_1_192' title='bbox 2418 2242 2485 2299; x_wconf 84' lang='lat' dir='ltr'>et</span> <span class='ocrx_word' id='word_1_193' title='bbox 2536 2230 2688 2321; x_wconf 91' lang='lat' dir='ltr'>ejus</span> <span class='ocrx_word' id='word_1_194' title='bbox 2736 2243 3049 2301; x_wconf 89' lang='lat' dir='ltr'>mortuae</span> 
     </span>
     <span class='ocr_line' id='line_1_23' title="bbox 512 2316 3051 2409; baseline 0 -21"><span class='ocrx_word' id='word_1_195' title='bbox 512 2340 766 2408; x_wconf 88' lang='lat' dir='ltr'>corpus</span> <span class='ocrx_word' id='word_1_196' title='bbox 811 2319 1053 2409; x_wconf 72' lang='lat' dir='ltr'>projici</span> <span class='ocrx_word' id='word_1_197' title='bbox 1104 2319 1172 2387; x_wconf 92' lang='lat' dir='ltr'>in</span> <span class='ocrx_word' id='word_1_198' title='bbox 1222 2317 1552 2388; x_wconf 89' lang='lat' dir='ltr'>cloacam.</span> <span class='ocrx_word' id='word_1_199' title='bbox 1589 2323 1752 2387; x_wconf 90' lang='lat' dir='ltr'>Eam</span> <span class='ocrx_word' id='word_1_200' title='bbox 1787 2339 1913 2407; x_wconf 90' lang='lat' dir='ltr'>ego</span> <span class='ocrx_word' id='word_1_201' title='bbox 1963 2330 2128 2408; x_wconf 92' lang='lat' dir='ltr'>puto</span> <span class='ocrx_word' id='word_1_202' title='bbox 2166 2316 2237 2386; x_wconf 93' lang='lat' dir='ltr'>in</span> <span class='ocrx_word' id='word_1_203' title='bbox 2275 2318 2574 2388; x_wconf 87' lang='lat' dir='ltr'>vestibus</span> <span class='ocrx_word' id='word_1_204' title='bbox 2620 2318 2767 2389; x_wconf 90' lang='lat' dir='ltr'>suis</span> <span class='ocrx_word' id='word_1_205' title='bbox 2798 2319 3051 2389; x_wconf 90' lang='lat' dir='ltr'>habere</span> 
     </span>
     <span class='ocr_line' id='line_1_24' title="bbox 513 2405 3052 2499; baseline 0.001 -22"><span class='ocrx_word' id='word_1_206' title='bbox 513 2407 920 2499; x_wconf 84' lang='lat' dir='ltr'>margaritas</span> <span class='ocrx_word' id='word_1_207' title='bbox 965 2419 1032 2477; x_wconf 88' lang='lat' dir='ltr'>et</span> <span class='ocrx_word' id='word_1_208' title='bbox 1067 2428 1339 2477; x_wconf 91' lang='lat' dir='ltr'>aurum.</span> <span class='ocrx_word' id='word_1_209' title='bbox 1395 2412 1561 2476; x_wconf 90' lang='lat' dir='ltr'>Cum</span> <span class='ocrx_word' id='word_1_210' title='bbox 1610 2418 1787 2477; x_wconf 89' lang='lat' dir='ltr'>esset</span> <span class='ocrx_word' id='word_1_211' title='bbox 1833 2420 2062 2476; x_wconf 89' lang='lat' dir='ltr'>autem</span> <span class='ocrx_word' id='word_1_212' title='bbox 2111 2405 2493 2476; x_wconf 89' lang='lat' dir='ltr'>cloacarius</span> <span class='ocrx_word' id='word_1_213' title='bbox 2541 2406 2768 2477; x_wconf 84' lang='lat' dir='ltr'>fidelis</span> <span class='ocrx_word' id='word_1_214' title='bbox 2822 2421 2889 2478; x_wconf 89' lang='lat' dir='ltr'>et</span> <span class='ocrx_word' id='word_1_215' title='bbox 2934 2430 3052 2479; x_wconf 91' lang='lat' dir='ltr'>oc-</span> 
     </span>
     <span class='ocr_line' id='line_1_25' title="bbox 513 2495 3041 2587; baseline 0 -20"><span class='ocrx_word' id='word_1_216' title='bbox 513 2496 695 2567; x_wconf 88' lang='lat' dir='ltr'>culte</span> <span class='ocrx_word' id='word_1_217' title='bbox 742 2496 1192 2577; x_wconf 88' lang='lat' dir='ltr'>Christianus,</span> <span class='ocrx_word' id='word_1_218' title='bbox 1245 2495 1414 2567; x_wconf 83' lang='lat' dir='ltr'>dixit</span> <span class='ocrx_word' id='word_1_219' title='bbox 1452 2495 1536 2566; x_wconf 90' lang='lat' dir='ltr'>ad</span> <span class='ocrx_word' id='word_1_220' title='bbox 1588 2495 2087 2587; x_wconf 89' lang='lat' dir='ltr'>Porphyrium:</span> <span class='ocrx_word' id='word_1_221' title='bbox 2129 2500 2525 2566; x_wconf 89' lang='lat' dir='ltr'>Demonstra</span> <span class='ocrx_word' id='word_1_222' title='bbox 2562 2497 2736 2567; x_wconf 90' lang='lat' dir='ltr'>mihi</span> <span class='ocrx_word' id='word_1_223' title='bbox 2786 2496 3041 2579; x_wconf 89' lang='lat' dir='ltr'>locum,</span> 
     </span>
     <span class='ocr_line' id='line_1_26' title="bbox 510 2585 3041 2675; baseline -0.001 -19"><span class='ocrx_word' id='word_1_224' title='bbox 510 2600 577 2656; x_wconf 92' lang='lat' dir='ltr'>et</span> <span class='ocrx_word' id='word_1_225' title='bbox 619 2607 656 2656; x_wconf 92' lang='lat' dir='ltr'>e</span> <span class='ocrx_word' id='word_1_226' title='bbox 706 2608 745 2655; x_wconf 91' lang='lat' dir='ltr'>o</span> <span class='ocrx_word' id='word_1_227' title='bbox 775 2599 970 2656; x_wconf 91' lang='lat' dir='ltr'>nocte</span> <span class='ocrx_word' id='word_1_228' title='bbox 1015 2607 1342 2674; x_wconf 91' lang='lat' dir='ltr'>quaeram</span> <span class='ocrx_word' id='word_1_229' title='bbox 1391 2607 1588 2657; x_wconf 91' lang='lat' dir='ltr'>eam:</span> <span class='ocrx_word' id='word_1_230' title='bbox 1642 2597 1847 2675; x_wconf 88' lang='lat' dir='ltr'>atque</span> <span class='ocrx_word' id='word_1_231' title='bbox 1893 2585 2015 2656; x_wconf 89' lang='lat' dir='ltr'>ubi</span> <span class='ocrx_word' id='word_1_232' title='bbox 2081 2586 2425 2666; x_wconf 81' lang='lat' dir='ltr'>invenere,</span> <span class='ocrx_word' id='word_1_233' title='bbox 2495 2586 2841 2656; x_wconf 89' lang='lat' dir='ltr'>nunciabo</span> <span class='ocrx_word' id='word_1_234' title='bbox 2891 2587 3041 2655; x_wconf 92' lang='lat' dir='ltr'>tibi.</span> 
     </span>
     <span class='ocr_line' id='line_1_27' title="bbox 512 2673 3044 2762; baseline -0.001 -18"><span class='ocrx_word' id='word_1_235' title='bbox 512 2675 667 2745; x_wconf 88' lang='lat' dir='ltr'>Dice</span> <span class='ocrx_word' id='word_1_236' title='bbox 719 2686 874 2744; x_wconf 89' lang='lat' dir='ltr'>atur</span> <span class='ocrx_word' id='word_1_237' title='bbox 920 2697 1075 2744; x_wconf 91' lang='lat' dir='ltr'>vero</span> <span class='ocrx_word' id='word_1_238' title='bbox 1123 2674 1504 2745; x_wconf 89' lang='lat' dir='ltr'>cloacarius</span> <span class='ocrx_word' id='word_1_239' title='bbox 1550 2674 1690 2756; x_wconf 91' lang='lat' dir='ltr'>ille,</span> <span class='ocrx_word' id='word_1_240' title='bbox 1744 2680 2109 2744; x_wconf 86' lang='lat' dir='ltr'>Irenaeus:</span> <span class='ocrx_word' id='word_1_241' title='bbox 2161 2673 2480 2762; x_wconf 86' lang='lat' dir='ltr'>venitque</span> <span class='ocrx_word' id='word_1_242' title='bbox 2539 2674 2626 2744; x_wconf 93' lang='lat' dir='ltr'>ad</span> <span class='ocrx_word' id='word_1_243' title='bbox 2685 2674 3044 2747; x_wconf 73' lang='lat' dir='ltr'>sustinum</span> 
     </span>
    </p>

    <p class='ocr_par' dir='ltr' id='par_1_4' title="bbox 508 2761 3052 3917">
     <span class='ocr_line' id='line_1_28' title="bbox 559 2761 3050 2854; baseline 0 -21"><span class='ocrx_word' id='word_1_244' title='bbox 559 2764 1031 2854; x_wconf 90' lang='lat' dir='ltr'>resbyterum,</span> <span class='ocrx_word' id='word_1_245' title='bbox 1082 2775 1148 2832; x_wconf 86' lang='lat' dir='ltr'>et</span> <span class='ocrx_word' id='word_1_246' title='bbox 1194 2764 1495 2833; x_wconf 89' lang='lat' dir='ltr'>narravit</span> <span class='ocrx_word' id='word_1_247' title='bbox 1562 2763 1627 2832; x_wconf 91' lang='lat' dir='ltr'>ei</span> <span class='ocrx_word' id='word_1_248' title='bbox 1682 2763 1917 2834; x_wconf 89' lang='lat' dir='ltr'>omnia</span> <span class='ocrx_word' id='word_1_249' title='bbox 1977 2783 2153 2849; x_wconf 91' lang='lat' dir='ltr'>quae</span> <span class='ocrx_word' id='word_1_250' title='bbox 2221 2761 2491 2833; x_wconf 85' lang='lat' dir='ltr'>fecisset</span> <span class='ocrx_word' id='word_1_251' title='bbox 2548 2777 2614 2834; x_wconf 89' lang='lat' dir='ltr'>et</span> <span class='ocrx_word' id='word_1_252' title='bbox 2674 2763 3050 2833; x_wconf 89' lang='lat' dir='ltr'>indicasset</span> 
     </span>
     <span class='ocr_line' id='line_1_29' title="bbox 509 2785 3044 2952; baseline -0 -31"><span class='ocrx_word' id='word_1_253' title='bbox 509 2785 955 2943; x_wconf 43' lang='lat' dir='ltr'>Porphyrius.</span> <span class='ocrx_word' id='word_1_254' title='bbox 1010 2857 1253 2921; x_wconf 90' lang='lat' dir='ltr'>Beatus</span> <span class='ocrx_word' id='word_1_255' title='bbox 1312 2851 1625 2923; x_wconf 87' lang='lat' dir='ltr'>Justinus</span> <span class='ocrx_word' id='word_1_256' title='bbox 1677 2852 2024 2942; x_wconf 79' lang='lat' dir='ltr'>presbyter</span> <span class='ocrx_word' id='word_1_257' title='bbox 2074 2852 2329 2952; x_wconf 80' lang='lat' dir='ltr'>gratias</span> <span class='ocrx_word' id='word_1_258' title='bbox 2376 2873 2590 2942; x_wconf 89' lang='lat' dir='ltr'>agens</span> <span class='ocrx_word' id='word_1_259' title='bbox 2639 2858 2770 2922; x_wconf 92' lang='lat' dir='ltr'>Deo</span> <span class='ocrx_word' id='word_1_260' title='bbox 2816 2852 3044 2923; x_wconf 91' lang='lat' dir='ltr'>omni-</span> 
     </span>
     <span class='ocr_line' id='line_1_30' title="bbox 509 2939 3038 3031; baseline 0 -22"><span class='ocrx_word' id='word_1_261' title='bbox 509 2940 765 3031; x_wconf 87' lang='lat' dir='ltr'>potenti</span> <span class='ocrx_word' id='word_1_262' title='bbox 804 2954 867 3010; x_wconf 89' lang='lat' dir='ltr'>et</span> <span class='ocrx_word' id='word_1_263' title='bbox 894 2940 1179 3009; x_wconf 90' lang='lat' dir='ltr'>Domino</span> <span class='ocrx_word' id='word_1_264' title='bbox 1201 2945 1368 3009; x_wconf 84' lang='lat' dir='ltr'>Jesu</span> <span class='ocrx_word' id='word_1_265' title='bbox 1393 2939 1679 3022; x_wconf 89' lang='lat' dir='ltr'>Christo,</span> <span class='ocrx_word' id='word_1_266' title='bbox 1721 2940 1913 3009; x_wconf 85' lang='lat' dir='ltr'>flexis</span> <span class='ocrx_word' id='word_1_267' title='bbox 1943 2940 2259 3029; x_wconf 78' lang='lat' dir='ltr'>genlbuS,</span> <span class='ocrx_word' id='word_1_268' title='bbox 2290 2961 2446 3009; x_wconf 91' lang='lat' dir='ltr'>cum</span> <span class='ocrx_word' id='word_1_269' title='bbox 2486 2940 2812 3031; x_wconf 90' lang='lat' dir='ltr'>lacrymis</span> <span class='ocrx_word' id='word_1_270' title='bbox 2842 2941 3038 3011; x_wconf 88' lang='lat' dir='ltr'>dixit:</span> 
     </span>
     <span class='ocr_line' id='line_1_31' title="bbox 510 3027 3048 3120; baseline 0 -23"><span class='ocrx_word' id='word_1_271' title='bbox 510 3033 762 3097; x_wconf 88' lang='lat' dir='ltr'>Eamus</span> <span class='ocrx_word' id='word_1_272' title='bbox 809 3042 1027 3108; x_wconf 90' lang='lat' dir='ltr'>nocte,</span> <span class='ocrx_word' id='word_1_273' title='bbox 1066 3028 1188 3108; x_wconf 83' lang='lat' dir='ltr'>fili,</span> <span class='ocrx_word' id='word_1_274' title='bbox 1222 3027 1307 3097; x_wconf 85' lang='lat' dir='ltr'>ad</span> <span class='ocrx_word' id='word_1_275' title='bbox 1356 3028 1688 3098; x_wconf 89' lang='lat' dir='ltr'>cloacam.</span> <span class='ocrx_word' id='word_1_276' title='bbox 1721 3028 2095 3119; x_wconf 86' lang='lat' dir='ltr'>Respondit</span> <span class='ocrx_word' id='word_1_277' title='bbox 2141 3034 2490 3099; x_wconf 89' lang='lat' dir='ltr'>Irenaeus:</span> <span class='ocrx_word' id='word_1_278' title='bbox 2531 3031 2711 3112; x_wconf 92' lang='lat' dir='ltr'>Sine,</span> <span class='ocrx_word' id='word_1_279' title='bbox 2748 3042 2825 3099; x_wconf 92' lang='lat' dir='ltr'>ut</span> <span class='ocrx_word' id='word_1_280' title='bbox 2850 3030 3048 3120; x_wconf 90' lang='lat' dir='ltr'>prius</span> 
     </span>
     <span class='ocr_line' id='line_1_32' title="bbox 509 3115 3039 3206; baseline 0 -20"><span class='ocrx_word' id='word_1_281' title='bbox 509 3116 827 3186; x_wconf 89' lang='lat' dir='ltr'>accedam</span> <span class='ocrx_word' id='word_1_282' title='bbox 870 3115 953 3185; x_wconf 93' lang='lat' dir='ltr'>ad</span> <span class='ocrx_word' id='word_1_283' title='bbox 1007 3116 1490 3206; x_wconf 89' lang='lat' dir='ltr'>Porphyrium.</span> <span class='ocrx_word' id='word_1_284' title='bbox 1537 3122 1607 3185; x_wconf 90' lang='lat' dir='ltr'>B.</span> <span class='ocrx_word' id='word_1_285' title='bbox 1656 3117 1977 3187; x_wconf 83' lang='lat' dir='ltr'>Justinus</span> <span class='ocrx_word' id='word_1_286' title='bbox 2026 3116 2381 3206; x_wconf 87' lang='lat' dir='ltr'>presbyter</span> <span class='ocrx_word' id='word_1_287' title='bbox 2429 3118 2640 3189; x_wconf 87' lang='lat' dir='ltr'>dixit:</span> <span class='ocrx_word' id='word_1_288' title='bbox 2693 3118 2861 3188; x_wconf 91' lang='lat' dir='ltr'>Vide</span> <span class='ocrx_word' id='word_1_289' title='bbox 2914 3117 3039 3199; x_wconf 87' lang='lat' dir='ltr'>fili,</span> 
     </span>
     <span class='ocr_line' id='line_1_33' title="bbox 508 3204 3047 3280; baseline 0.001 -5"><span class='ocrx_word' id='word_1_290' title='bbox 508 3217 586 3275; x_wconf 92' lang='lat' dir='ltr'>ut</span> <span class='ocrx_word' id='word_1_291' title='bbox 618 3219 1123 3275; x_wconf 89' lang='lat' dir='ltr'>sacramentum</span> <span class='ocrx_word' id='word_1_292' title='bbox 1168 3205 1288 3274; x_wconf 88' lang='lat' dir='ltr'>tibi</span> <span class='ocrx_word' id='word_1_293' title='bbox 1328 3204 1665 3274; x_wconf 86' lang='lat' dir='ltr'>creditum</span> <span class='ocrx_word' id='word_1_294' title='bbox 1713 3226 2096 3277; x_wconf 77' lang='lat' dir='ltr'>conserves,</span> <span class='ocrx_word' id='word_1_295' title='bbox 2149 3205 2327 3275; x_wconf 81' lang='lat' dir='ltr'>Abiit</span> <span class='ocrx_word' id='word_1_296' title='bbox 2373 3211 2701 3280; x_wconf 88' lang='lat' dir='ltr'>Irenaeus</span> <span class='ocrx_word' id='word_1_297' title='bbox 2746 3208 2834 3277; x_wconf 88' lang='lat' dir='ltr'>ad</span> <span class='ocrx_word' id='word_1_298' title='bbox 2887 3212 3047 3278; x_wconf 90' lang='lat' dir='ltr'>Por-</span> 
     </span>
     <span class='ocr_line' id='line_1_34' title="bbox 510 3292 3052 3395; baseline 0.001 -33"><span class='ocrx_word' id='word_1_299' title='bbox 510 3292 862 3395; x_wconf 79' lang='lat' dir='ltr'>phyrium,</span> <span class='ocrx_word' id='word_1_300' title='bbox 918 3294 1113 3381; x_wconf 91' lang='lat' dir='ltr'>isque</span> <span class='ocrx_word' id='word_1_301' title='bbox 1160 3294 1501 3395; x_wconf 44' lang='lat' dir='ltr'>indicavit·</span> <span class='ocrx_word' id='word_1_302' title='bbox 1533 3296 1595 3363; x_wconf 89' lang='lat' dir='ltr'>ei</span> <span class='ocrx_word' id='word_1_303' title='bbox 1645 3293 1898 3395; x_wconf 81' lang='lat' dir='ltr'>locum,</span> <span class='ocrx_word' id='word_1_304' title='bbox 1953 3295 2271 3382; x_wconf 89' lang='lat' dir='ltr'>venitque</span> <span class='ocrx_word' id='word_1_305' title='bbox 2315 3316 2475 3367; x_wconf 92' lang='lat' dir='ltr'>cum</span> <span class='ocrx_word' id='word_1_306' title='bbox 2525 3297 2644 3368; x_wconf 90' lang='lat' dir='ltr'>illo</span> <span class='ocrx_word' id='word_1_307' title='bbox 2694 3295 2926 3377; x_wconf 85' lang='lat' dir='ltr'>nocte,</span> <span class='ocrx_word' id='word_1_308' title='bbox 2980 3309 3052 3366; x_wconf 90' lang='lat' dir='ltr'>et</span> 
     </span>
     <span class='ocr_line' id='line_1_35' title="bbox 511 3385 3042 3472; baseline 0 -21"><span class='ocrx_word' id='word_1_309' title='bbox 511 3393 770 3451; x_wconf 76' lang='lat' dir='ltr'>invenit</span> <span class='ocrx_word' id='word_1_310' title='bbox 814 3402 1089 3451; x_wconf 90' lang='lat' dir='ltr'>sacrum</span> <span class='ocrx_word' id='word_1_311' title='bbox 1162 3402 1413 3472; x_wconf 90' lang='lat' dir='ltr'>corpus</span> <span class='ocrx_word' id='word_1_312' title='bbox 1484 3394 2144 3453; x_wconf 76' lang='lat' dir='ltr'>incontaminatum:</span> <span class='ocrx_word' id='word_1_313' title='bbox 2204 3397 2608 3471; x_wconf 89' lang='lat' dir='ltr'>quaerentes</span> <span class='ocrx_word' id='word_1_314' title='bbox 2684 3398 2914 3457; x_wconf 89' lang='lat' dir='ltr'>autem</span> <span class='ocrx_word' id='word_1_315' title='bbox 2965 3385 3042 3453; x_wconf 83' lang='lat' dir='ltr'>in</span> 
     </span>
     <span class='ocr_line' id='line_1_36' title="bbox 509 3469 3046 3573; baseline 0.001 -33"><span class='ocrx_word' id='word_1_316' title='bbox 509 3470 810 3541; x_wconf 89' lang='lat' dir='ltr'>vestibus</span> <span class='ocrx_word' id='word_1_317' title='bbox 855 3470 1031 3559; x_wconf 81' lang='lat' dir='ltr'>ejuS,</span> <span class='ocrx_word' id='word_1_318' title='bbox 1086 3469 1257 3540; x_wconf 91' lang='lat' dir='ltr'>nihil</span> <span class='ocrx_word' id='word_1_319' title='bbox 1300 3486 1723 3560; x_wconf 88' lang='lat' dir='ltr'>repererunt.</span> <span class='ocrx_word' id='word_1_320' title='bbox 1777 3472 1975 3573; x_wconf 80' lang='lat' dir='ltr'>Fugit</span> <span class='ocrx_word' id='word_1_321' title='bbox 2019 3493 2181 3562; x_wconf 86' lang='lat' dir='ltr'>ergo</span> <span class='ocrx_word' id='word_1_322' title='bbox 2214 3473 2660 3564; x_wconf 91' lang='lat' dir='ltr'>Porphyrius:</span> <span class='ocrx_word' id='word_1_323' title='bbox 2714 3480 3046 3545; x_wconf 87' lang='lat' dir='ltr'>Irenaeus</span> 
     </span>
     <span class='ocr_line' id='line_1_37' title="bbox 511 3558 3043 3641; baseline 0.002 -15"><span class='ocrx_word' id='word_1_324' title='bbox 511 3581 669 3629; x_wconf 87' lang='lat' dir='ltr'>vero</span> <span class='ocrx_word' id='word_1_325' title='bbox 716 3560 978 3629; x_wconf 86' lang='lat' dir='ltr'>vocavit</span> <span class='ocrx_word' id='word_1_326' title='bbox 1028 3559 1110 3628; x_wconf 91' lang='lat' dir='ltr'>ad</span> <span class='ocrx_word' id='word_1_327' title='bbox 1163 3581 1233 3630; x_wconf 93' lang='lat' dir='ltr'>se</span> <span class='ocrx_word' id='word_1_328' title='bbox 1287 3558 1679 3629; x_wconf 81' lang='lat' dir='ltr'>Abundium</span> <span class='ocrx_word' id='word_1_329' title='bbox 1737 3561 2200 3631; x_wconf 78' lang='lat' dir='ltr'>Christianum</span> <span class='ocrx_word' id='word_1_330' title='bbox 2237 3616 2252 3641; x_wconf 95' lang='lat'>,</span> <span class='ocrx_word' id='word_1_331' title='bbox 2304 3575 2371 3632; x_wconf 91' lang='lat' dir='ltr'>et</span> <span class='ocrx_word' id='word_1_332' title='bbox 2437 3585 2596 3633; x_wconf 90' lang='lat' dir='ltr'>cum</span> <span class='ocrx_word' id='word_1_333' title='bbox 2645 3564 2764 3634; x_wconf 90' lang='lat' dir='ltr'>illo</span> <span class='ocrx_word' id='word_1_334' title='bbox 2812 3562 3043 3633; x_wconf 90' lang='lat' dir='ltr'>attulit</span> 
     </span>
     <span class='ocr_line' id='line_1_38' title="bbox 513 3647 3047 3741; baseline 0.001 -22"><span class='ocrx_word' id='word_1_335' title='bbox 513 3668 767 3739; x_wconf 89' lang='lat' dir='ltr'>corpus</span> <span class='ocrx_word' id='word_1_336' title='bbox 816 3649 1049 3718; x_wconf 89' lang='lat' dir='ltr'>beatae</span> <span class='ocrx_word' id='word_1_337' title='bbox 1096 3647 1508 3719; x_wconf 89' lang='lat' dir='ltr'>Concordiae</span> <span class='ocrx_word' id='word_1_338' title='bbox 1568 3647 1653 3718; x_wconf 88' lang='lat' dir='ltr'>ad</span> <span class='ocrx_word' id='word_1_339' title='bbox 1702 3648 2047 3719; x_wconf 73' lang='lat' dir='ltr'>lustinum</span> <span class='ocrx_word' id='word_1_340' title='bbox 2120 3651 2641 3741; x_wconf 86' lang='lat' dir='ltr'>presbyterum:</span> <span class='ocrx_word' id='word_1_341' title='bbox 2697 3653 2823 3741; x_wconf 91' lang='lat' dir='ltr'>qui</span> <span class='ocrx_word' id='word_1_342' title='bbox 2869 3651 3047 3722; x_wconf 88' lang='lat' dir='ltr'>illud</span> 
     </span>
     <span class='ocr_line' id='line_1_39' title="bbox 512 3735 3043 3831; baseline 0 -21"><span class='ocrx_word' id='word_1_343' title='bbox 512 3737 922 3828; x_wconf 78' lang='lat' dir='ltr'>suscipiens,</span> <span class='ocrx_word' id='word_1_344' title='bbox 959 3735 1216 3828; x_wconf 86' lang='lat' dir='ltr'>gratias</span> <span class='ocrx_word' id='word_1_345' title='bbox 1247 3736 1385 3828; x_wconf 88' lang='lat' dir='ltr'>egit</span> <span class='ocrx_word' id='word_1_346' title='bbox 1434 3742 1586 3819; x_wconf 88' lang='lat' dir='ltr'>De0,</span> <span class='ocrx_word' id='word_1_347' title='bbox 1638 3749 1706 3807; x_wconf 92' lang='lat' dir='ltr'>et</span> <span class='ocrx_word' id='word_1_348' title='bbox 1742 3738 2054 3829; x_wconf 85' lang='lat' dir='ltr'>sepelivit</span> <span class='ocrx_word' id='word_1_349' title='bbox 2091 3739 2275 3830; x_wconf 89' lang='lat' dir='ltr'>apud</span> <span class='ocrx_word' id='word_1_350' title='bbox 2311 3762 2598 3831; x_wconf 89' lang='lat' dir='ltr'>corpora</span> <span class='ocrx_word' id='word_1_351' title='bbox 2622 3755 3043 3813; x_wconf 80' lang='lat' dir='ltr'>sanctorum</span> 
     </span>
     <span class='ocr_line' id='line_1_40' title="bbox 512 3826 1456 3917; baseline -0.002 -21"><span class='ocrx_word' id='word_1_352' title='bbox 512 3826 761 3917; x_wconf 89' lang='lat' dir='ltr'>Hippol</span> <span class='ocrx_word' id='word_1_353' title='bbox 822 3827 867 3895; x_wconf 93' lang='lat' dir='ltr'>ti</span> <span class='ocrx_word' id='word_1_354' title='bbox 899 3838 965 3895; x_wconf 91' lang='lat' dir='ltr'>et</span> <span class='ocrx_word' id='word_1_355' title='bbox 1009 3838 1456 3895; x_wconf 88' lang='lat' dir='ltr'>caeterorum.</span> 
     </span>
    </p>

    <p class='ocr_par' dir='ltr' id='par_1_5' title="bbox 507 3912 3047 4339">
     <span class='ocr_line' id='line_1_41' title="bbox 596 3912 3046 4005; baseline 0 -19"><span class='ocrx_word' id='word_1_356' title='bbox 596 3917 633 4005; x_wconf 65' lang='grc' dir='ltr'>ξ</span> <span class='ocrx_word' id='word_1_357' title='bbox 683 3919 743 3986; x_wconf 64' lang='lat'><em>2</em></span> <span class='ocrx_word' id='word_1_358' title='bbox 818 3970 833 3984; x_wconf 96' lang='lat'>.</span> <span class='ocrx_word' id='word_1_359' title='bbox 871 3914 1092 3984; x_wconf 77' lang='lat' dir='ltr'>Altera</span> <span class='ocrx_word' id='word_1_360' title='bbox 1116 3913 1227 3984; x_wconf 91' lang='lat' dir='ltr'>die</span> <span class='ocrx_word' id='word_1_361' title='bbox 1254 3912 1658 3986; x_wconf 82' lang='lat' dir='ltr'>Valerianus</span> <span class='ocrx_word' id='word_1_362' title='bbox 1695 3915 1763 3985; x_wconf 92' lang='lat' dir='ltr'>id</span> <span class='ocrx_word' id='word_1_363' title='bbox 1795 3916 2107 3999; x_wconf 87' lang='lat' dir='ltr'>audiens,</span> <span class='ocrx_word' id='word_1_364' title='bbox 2139 3923 2495 3987; x_wconf 89' lang='lat' dir='ltr'>Irenaeum</span> <span class='ocrx_word' id='word_1_365' title='bbox 2518 3930 2585 3988; x_wconf 89' lang='lat' dir='ltr'>et</span> <span class='ocrx_word' id='word_1_366' title='bbox 2611 3914 3046 3988; x_wconf 64' lang='lat' dir='ltr'>Abundium*</span> 
     </span>
     <span class='ocr_line' id='line_1_42' title="bbox 509 4002 3047 4096; baseline 0 -22"><span class='ocrx_word' id='word_1_367' title='bbox 509 4004 1067 4095; x_wconf 77' lang='lat' dir='ltr'>comprehenso3,</span> <span class='ocrx_word' id='word_1_368' title='bbox 1098 4002 1310 4093; x_wconf 90' lang='lat' dir='ltr'>jussit</span> <span class='ocrx_word' id='word_1_369' title='bbox 1354 4004 1543 4075; x_wconf 86' lang='lat' dir='ltr'>vivos</span> <span class='ocrx_word' id='word_1_370' title='bbox 1589 4004 1662 4074; x_wconf 94' lang='lat' dir='ltr'>in</span> <span class='ocrx_word' id='word_1_371' title='bbox 1696 4004 1999 4075; x_wconf 87' lang='lat' dir='ltr'>cloacam</span> <span class='ocrx_word' id='word_1_372' title='bbox 2028 4005 2380 4096; x_wconf 84' lang='lat' dir='ltr'>demergi:</span> <span class='ocrx_word' id='word_1_373' title='bbox 2430 4019 2633 4095; x_wconf 86' lang='lat' dir='ltr'>atque</span> <span class='ocrx_word' id='word_1_374' title='bbox 2679 4007 2775 4077; x_wconf 91' lang='lat' dir='ltr'>ita</span> <span class='ocrx_word' id='word_1_375' title='bbox 2823 4006 3047 4076; x_wconf 89' lang='lat' dir='ltr'>necati</span> 
     </span>
     <span class='ocr_line' id='line_1_43' title="bbox 508 4091 3042 4186; baseline 0 -23"><span class='ocrx_word' id='word_1_376' title='bbox 508 4106 671 4163; x_wconf 88' lang='lat' dir='ltr'>sunt</span> <span class='ocrx_word' id='word_1_377' title='bbox 717 4093 1005 4183; x_wconf 89' lang='lat' dir='ltr'>septimo</span> <span class='ocrx_word' id='word_1_378' title='bbox 1032 4091 1363 4162; x_wconf 88' lang='lat' dir='ltr'>Calendas</span> <span class='ocrx_word' id='word_1_379' title='bbox 1394 4093 1834 4184; x_wconf 87' lang='lat' dir='ltr'>Septembris.</span> <span class='ocrx_word' id='word_1_380' title='bbox 1867 4099 2113 4164; x_wconf 90' lang='lat' dir='ltr'>Eorum</span> <span class='ocrx_word' id='word_1_381' title='bbox 2131 4115 2433 4186; x_wconf 71' lang='lat' dir='ltr'>corpora</span> <span class='ocrx_word' id='word_1_382' title='bbox 2457 4095 2699 4166; x_wconf 89' lang='lat' dir='ltr'>beatus</span> <span class='ocrx_word' id='word_1_383' title='bbox 2726 4095 3042 4166; x_wconf 87' lang='lat' dir='ltr'>Justinus</span> 
     </span>
     <span class='ocr_line' id='line_1_44' title="bbox 507 4179 3039 4339; baseline 0.001 -89"><span class='ocrx_word' id='word_1_384' title='bbox 507 4181 866 4339; x_wconf 54' lang='lat' dir='ltr'>Presbyter</span> <span class='ocrx_word' id='word_1_385' title='bbox 910 4179 1072 4282; x_wconf 79' lang='lat' dir='ltr'>inde</span> <span class='ocrx_word' id='word_1_386' title='bbox 1107 4192 1426 4261; x_wconf 86' lang='lat' dir='ltr'>extracta,</span> <span class='ocrx_word' id='word_1_387' title='bbox 1480 4181 1875 4273; x_wconf 90' lang='lat' dir='ltr'>sepulturae</span> <span class='ocrx_word' id='word_1_388' title='bbox 1922 4183 2274 4253; x_wconf 88' lang='lat' dir='ltr'>mandavit</span> <span class='ocrx_word' id='word_1_389' title='bbox 2309 4184 2506 4285; x_wconf 83' lang='lat' dir='ltr'>juxta</span> <span class='ocrx_word' id='word_1_390' title='bbox 2556 4206 2810 4275; x_wconf 90' lang='lat' dir='ltr'>corpus</span> <span class='ocrx_word' id='word_1_391' title='bbox 2856 4183 3039 4254; x_wconf 87' lang='lat' dir='ltr'>beati</span> 
     </span>
    </p>

    <p class='ocr_par' dir='ltr' id='par_1_6' title="bbox 511 4270 3048 4449">
     <span class='ocr_line' id='line_1_45' title="bbox 561 4270 3042 4363; baseline 0.001 -24"><span class='ocrx_word' id='word_1_392' title='bbox 561 4270 854 4339; x_wconf 88' lang='lat' dir='ltr'>aurentii</span> <span class='ocrx_word' id='word_1_393' title='bbox 925 4290 994 4338; x_wconf 87' lang='lat' dir='ltr'>m</span> <span class='ocrx_word' id='word_1_394' title='bbox 1057 4283 1294 4361; x_wconf 89' lang='lat' dir='ltr'>crypta</span> <span class='ocrx_word' id='word_1_395' title='bbox 1368 4270 1435 4340; x_wconf 90' lang='lat' dir='ltr'>in</span> <span class='ocrx_word' id='word_1_396' title='bbox 1507 4292 1673 4361; x_wconf 88' lang='lat' dir='ltr'>agro</span> <span class='ocrx_word' id='word_1_397' title='bbox 1743 4275 2004 4342; x_wconf 89' lang='lat' dir='ltr'>Verano</span> <span class='ocrx_word' id='word_1_398' title='bbox 2033 4326 2050 4349; x_wconf 89' lang='lat'><em>‚</em></span> <span class='ocrx_word' id='word_1_399' title='bbox 2127 4272 2747 4363; x_wconf 77' lang='lat' dir='ltr'>vicesimoseptimo</span> <span class='ocrx_word' id='word_1_400' title='bbox 2819 4272 2932 4343; x_wconf 91' lang='lat' dir='ltr'>die</span> <span class='ocrx_word' id='word_1_401' title='bbox 3002 4294 3042 4341; x_wconf 88' lang='lat' dir='ltr'>a</span> 
     </span>
     <span class='ocr_line' id='line_1_46' title="bbox 511 4358 3048 4449; baseline 0.001 -22"><span class='ocrx_word' id='word_1_402' title='bbox 511 4358 829 4449; x_wconf 88' lang='lat' dir='ltr'>passione</span> <span class='ocrx_word' id='word_1_403' title='bbox 891 4369 1283 4428; x_wconf 91' lang='lat' dir='ltr'>sanctorum</span> <span class='ocrx_word' id='word_1_404' title='bbox 1347 4358 1926 4449; x_wconf 90' lang='lat' dir='ltr'>supradictorum.</span> <span class='ocrx_word' id='word_1_405' title='bbox 1995 4361 2214 4432; x_wconf 86' lang='lat' dir='ltr'>Jussit</span> <span class='ocrx_word' id='word_1_406' title='bbox 2282 4381 2436 4431; x_wconf 89' lang='lat' dir='ltr'>vero</span> <span class='ocrx_word' id='word_1_407' title='bbox 2501 4361 2902 4431; x_wconf 89' lang='lat' dir='ltr'>Valerianus</span> <span class='ocrx_word' id='word_1_408' title='bbox 2969 4361 3048 4429; x_wconf 80' lang='lat' dir='ltr'>in</span> 
     </span>
    </p>
   </div>
   <div class='ocr_carea' id='block_1_3' title="bbox 561 4483 2142 4537">
    <p class='ocr_par' dir='ltr' id='par_1_7' title="bbox 561 4483 2142 4537">
     <span class='ocr_line' id='line_1_47' title="bbox 561 4483 2142 4537; baseline 0 -12"><span class='ocrx_word' id='word_1_409' title='bbox 561 4484 585 4507; x_wconf 73' lang='lat'><strong>⁶</strong></span> <span class='ocrx_word' id='word_1_410' title='bbox 614 4484 690 4525; x_wconf 82' lang='lat' dir='ltr'>SS.</span> <span class='ocrx_word' id='word_1_411' title='bbox 717 4483 823 4524; x_wconf 68' lang='lat' dir='ltr'>Mu.</span> <span class='ocrx_word' id='word_1_412' title='bbox 854 4484 1089 4525; x_wconf 64' lang='lat' dir='ltr'>lutuno:</span> <span class='ocrx_word' id='word_1_413' title='bbox 1116 4485 1167 4526; x_wconf 75' lang='lat' dir='ltr'>ct</span> <span class='ocrx_word' id='word_1_414' title='bbox 1188 4486 1430 4526; x_wconf 72' lang='lat' dir='ltr'>Anusmus</span> <span class='ocrx_word' id='word_1_415' title='bbox 1458 4485 2142 4537; x_wconf 68' lang='lat' dir='ltr'>(vetAbunaanuue).xxv1-hnj.</span> 
     </span>
    </p>
   </div>
  </div>
 </body>
</html>
