3308 5004
144 335 333 402 AUG.
388 335 474 403 30
1021 355 1100 403 nn
1149 355 1206 404 s.
1261 355 1422 404 nosit
1470 355 1638 404 vrnc.
1692 356 1823 404 mu.
2484 340 2611 406 757

140 438 504 510 concessit.
558 437 899 509 Diurnum
946 439 1135 510 enim
1176 452 1736 529 nocturnumque
1767 452 2040 531 tempus
2071 440 2171 511 sic
2204 439 2691 528 distribuebat,

141 539 330 599 utex
360 540 655 615 utroque
691 526 1058 599 duodecim
1090 529 1394 621 integras
1442 530 1649 601 horas
1697 528 1993 601 orationi
2039 542 2399 620 seponeret
2435 585 2451 613 ,
2526 531 2701 604 alias

139 616 378 687 decem
429 615 651 687 labori
719 638 1058 687 manuum
1114 639 1254 706 quo
1300 632 1620 710 parentes
1668 630 2129 700 sustentaret,
2201 617 2693 714 impendebat,

142 706 449 794 reliquas
495 704 673 776 duas
716 703 909 776 brevi
954 705 1172 795 quieti
1220 728 1600 795 somnoque
1646 706 2044 797 deputabat.

230 797 442 883 διδ.
479 793 834 864 Aemulata
860 809 1255 866 sanctorum
1285 797 1861 868 anachoretarum
1885 818 2199 867 secessus
2223 798 2346 884 qui
2381 796 2450 866 in
2484 801 2701 870 eremi

140 883 518 955 solitudine
566 882 914 953 Christum
964 886 1333 955 Dominum
1369 898 1797 977 receperunt,
1829 885 2060 957 adhuc
2090 883 2323 955 infans
2354 886 2697 958 solitarios

141 971 334 1064 domi
380 972 681 1063 angulos
725 974 1122 1060 quaerebat,
1174 972 1567 1064 puellarum
1608 996 1837 1064 nugas
1882 972 2183 1065 fugiens,
2232 985 2310 1043 ut
2357 975 2502 1045 sola
2534 999 2697 1047 cum

143 1067 278 1132 Deo
328 1082 456 1132 suo
505 1060 957 1132 delitesceret.
1013 1061 1524 1133 Grandiuscula
1570 1084 1651 1133 ex
1700 1064 2054 1133 umbrosis
2102 1061 2431 1134 arborum
2482 1066 2697 1135 ramis

140 1150 589 1221 oratoriolum
629 1171 795 1220 cum
843 1149 1160 1222 altariolo
1208 1151 1616 1234 construxit,
1671 1150 1758 1221 ad
1807 1150 2146 1239 illudque,
2201 1173 2240 1221 a
2289 1156 2531 1223 mensa
2562 1165 2627 1223 et
2659 1176 2698 1224 a

141 1238 397 1310 lectulo
429 1260 724 1329 surgens
757 1292 772 1321 ,
825 1250 904 1311 ut
949 1239 1035 1310 ad
1099 1240 1345 1310 orandi
1404 1239 1679 1331 asylum
1749 1240 2186 1331 properabat.
2249 1241 2698 1313 Proverbium

138 1340 331 1400 crat:
384 1333 670 1399 Hortum
717 1327 947 1410 adeas,
997 1330 1063 1398 si
1102 1333 1425 1399 Rosulam
1470 1332 1768 1421 quaeris.
1822 1331 2016 1400 Domi
2054 1330 2124 1399 in
2174 1330 2504 1401 cubiculo
2552 1330 2699 1401 sola

140 1419 213 1487 in
263 1418 572 1488 oratione
620 1417 1089 1507 pernoctabat.
1143 1418 1380 1488 Exitus
1425 1439 1463 1487 e
1509 1418 1717 1488 domo
1751 1474 1767 1499 ,
1822 1419 2063 1509 poenis
2109 1419 2317 1488 etiam
2359 1419 2491 1489 sibi
2521 1474 2537 1499 ,
2592 1419 2695 1490 vel

140 1508 215 1576 in
255 1506 429 1597 pede
462 1527 649 1585 saxo,
695 1505 798 1575 vel
835 1507 906 1575 in
961 1504 1184 1577 oculis
1217 1506 1746 1578 mordacissimo
1787 1508 2024 1598 pipere
2070 1507 2326 1586 indico,
2388 1508 2696 1585 inflictis,

141 1595 423 1675 vitabat,
482 1593 911 1665 tolerabilius
953 1594 1286 1685 judicans
1338 1596 1740 1676 excaecari,
1799 1618 2007 1684 quam
2068 1597 2402 1682 vanitates
2440 1596 2703 1668 saeculi

139 1706 305 1774 pros
361 1684 559 1753 icere.
613 1688 740 1752 Pro
770 1684 1046 1753 arctiori
1087 1705 1390 1766 recessu,
1431 1705 1566 1753 non
1609 1685 1760 1755 sine
1800 1688 2053 1775 magna
2084 1684 2293 1767 lucta,
2330 1698 2396 1756 et
2431 1686 2703 1775 praevio

142 1773 322 1842 mira
373 1771 448 1841 ili
496 1783 760 1843 ostento
810 1773 1139 1863 Deiparae
1183 1784 1252 1844 et
1306 1773 1503 1863 pueri
1556 1779 1724 1843 Jesu
1754 1828 1769 1856 ,
1819 1774 1890 1842 in
1940 1772 2364 1843 sanctissimi
2431 1775 2703 1846 Rosarii

140 1860 418 1941 sacello,
471 1860 749 1930 tandem
783 1861 1083 1932 obtinuit
1118 1884 1158 1931 a
1217 1873 1433 1932 matre
1483 1861 1554 1931 in
1607 1873 1910 1932 extremo
1949 1861 2131 1932 horti
2179 1863 2439 1954 angulo
2486 1862 2703 1933 cellu-

142 1950 308 2032 lam,
346 1948 470 2021 ubi
508 1970 644 2019 non
679 1948 901 2019 solum
947 1972 1282 2021 manuum
1329 1949 1572 2034 labori,
1626 1950 1745 2021 sed
1787 1950 2223 2043 potissimum
2274 1951 2703 2024 collectionis

142 2036 436 2129 spiritus
479 2048 546 2107 et
591 2038 1109 2128 contemplandi
1159 2039 1388 2109 studio
1435 2051 1728 2122 vacaret,
1772 2051 2036 2110 tantum
2080 2039 2177 2110 ibi
2208 2040 2433 2110 solum
2476 2041 2704 2113 inesse

143 2127 351 2218 spatii
400 2126 735 2217 gaudens,
773 2140 1110 2214 quantum
1144 2127 1279 2197 sibi
1310 2140 1377 2198 et
1414 2150 1672 2220 sponso
1711 2128 1981 2199 coelesti
2035 2127 2400 2199 sufficeret.

233 2217 270 2303 ὃ
317 2221 461 2288 14.
518 2221 593 2284 In
646 2214 776 2283 hac
823 2214 1005 2285 felici
1054 2218 1284 2286 eremo
1333 2218 1775 2291 ascensiones
1823 2217 1893 2286 in
1945 2216 2150 2286 corde
2200 2238 2327 2287 suo
2375 2217 2700 2308 dispone-

145 2303 286 2385 hat,
341 2314 405 2372 et
434 2325 647 2392 supra
695 2324 768 2372 se
813 2304 1096 2386 elevata,
1150 2304 1513 2375 videbatur
1547 2306 1776 2396 potius
1824 2317 2012 2375 extra
2050 2326 2329 2395 corpus,
2381 2327 2591 2394 quam
2630 2307 2701 2375 in

142 2413 431 2482 corpore
464 2392 733 2482 degere.
790 2392 930 2462 Sub
964 2393 1190 2483 specie
1240 2395 1478 2464 stellae
1513 2394 1838 2481 probatae
1871 2392 2313 2495 perfectionis
2349 2410 2704 2465 matronae

144 2482 218 2551 in
262 2482 413 2553 visu
451 2480 812 2573 apparuit;
855 2480 1107 2552 civitati
1145 2484 1329 2554 enim
1370 2488 1662 2575 Regum,
1697 2482 1925 2571 quahs
1951 2481 2209 2553 dicitur
2235 2482 2451 2558 Lima.
2491 2506 2723 2561 suum.

141 2571 530 2641 debebatur
578 2570 812 2658 syduS,
868 2572 1048 2659 quod
1092 2572 1176 2642 ad
1218 2572 1562 2642 Christum
1608 2573 1977 2643 Dominum
2018 2592 2246 2662 regem
2284 2593 2354 2642 re
2458 2594 2524 2642 m
2560 2573 2702 2643 dux

140 2671 344 2729 esset.
403 2660 742 2729 Divinitus
808 2674 1245 2753 prospectum
1295 2661 1426 2731 fuit
1487 2672 1564 2730 ut
1624 2660 1723 2730 ibi
1773 2660 2085 2730 residens
2146 2683 2350 2752 comp
2382 2683 2544 2731 ures
2592 2661 2701 2731 di-

141 2760 402 2819 stantes
435 2750 676 2819 Missas
710 2749 980 2820 audiret
1025 2750 1443 2838 videretque,
1484 2771 1617 2821 non
1672 2772 1875 2821 secus
1921 2772 2001 2818 ac
2052 2750 2109 2819 si
2166 2772 2453 2840 corpore
2502 2773 2701 2841 prae-

141 2859 304 2908 sens
349 2836 612 2910 fuisset.
667 2839 1027 2909 Innumeri
1076 2839 1336 2909 culices
1384 2839 1566 2909 hanc
1616 2838 2173 2910 anachoreticam
2233 2837 2559 2909 cellulam
2595 2840 2701 2909 in-

142 2926 440 3007 trabant,
497 2949 620 2997 nec
669 2938 895 2997 tamen
932 2928 1035 2998 vel
1069 2950 1258 2998 unus
1282 2926 1414 2997 fuit
1445 2928 1565 3015 qui
1596 2950 1748 2997 eam
1784 2927 2129 2998 morderet
2154 2940 2275 2997 aut
2303 2928 2692 3018 attingeret,

139 3026 287 3084 esto
334 3015 536 3085 etiam
590 3014 948 3106 religiosas
1011 3038 1342 3107 personas
1408 3016 1813 3087 accedentes
1879 3015 2219 3087 hostiliter
2268 3016 2692 3086 invaderent.

139 3104 558 3194 Hujusmodi
592 3104 918 3175 bestiolas
965 3104 1049 3173 ad
1106 3106 1220 3174 Dei
1268 3104 1511 3175 laudes
1561 3127 1686 3197 pro
1735 3127 1861 3175 suo
1897 3104 2180 3174 modulo
2223 3105 2698 3195 personandas

138 3194 238 3263 sic
289 3193 620 3261 incitabat
658 3205 721 3263 et
764 3192 1173 3263 mirabiliter
1229 3197 1527 3284 regebat,
1582 3206 1660 3263 ut
1708 3199 1887 3265 Rosa
1940 3215 2151 3284 prope
2198 3194 2512 3296 attigisse
2562 3195 2695 3264 im-

139 3281 414 3382 perium
472 3285 679 3351 statui
733 3282 1171 3352 innocentiae
1219 3293 1667 3364 reservatum,
1719 3296 1785 3352 et
1832 3283 1902 3351 in
1953 3286 2032 3352 ea
2083 3282 2459 3353 solitudine
2512 3283 2699 3352 velut

137 3392 207 3438 nn
264 3369 586 3460 paradiso
635 3370 891 3439 morari
941 3370 1357 3441 crederetur.
1414 3376 1490 3439 In
1546 3371 1764 3461 hujus
1812 3371 2148 3462 tugurioli
2206 3393 2482 3442 recessu
2532 3394 2693 3442 cum

136 3457 287 3528 sola
321 3471 487 3539 erat,
545 3469 663 3528 aut
710 3480 751 3528 a
799 3459 1075 3530 nemine
1125 3481 1196 3529 se
1242 3460 1590 3529 observari
1630 3462 1955 3552 putabat,
2000 3462 2304 3531 tenerius
2354 3459 2565 3530 simul
2616 3483 2696 3530 ac

137 3546 432 3618 liberius
483 3548 711 3637 prosa,
766 3568 1012 3629 versu,
1065 3548 1431 3636 colloquiis
1477 3561 1544 3619 et
1587 3562 1800 3621 cantu
1849 3551 1917 3619 in
1978 3548 2322 3620 solemnes
2383 3571 2698 3637 quasque

135 3636 486 3725 seraphici
534 3634 794 3706 amoris
844 3636 1083 3708 laudes
1131 3639 1536 3729 erumpebat
1583 3660 1663 3710 eo
1711 3638 2083 3709 fervoreet
2134 3638 2399 3729 impetu
2460 3651 2538 3708 ut
2575 3660 2698 3706 au·

135 3724 482 3795 dientium
532 3723 741 3795 corda
798 3724 882 3794 ad
949 3725 1356 3797 charitatem
1404 3735 1468 3798 et
1532 3726 2139 3818 compunctionem
2206 3728 2225 3797 i
2283 3749 2451 3796 nara
2507 3749 2698 3796 com-

138 3828 486 3884 moveret..
516 3819 609 3883 Ex
655 3813 809 3915 ipsa
855 3813 1074 3885 divini
1122 3817 1380 3886 amoris
1429 3817 1647 3906 ignita
1698 3816 2019 3906 pharetra
2061 3815 2226 3902 jacu
2255 3814 2512 3886 atorias
2558 3815 2699 3886 col-

138 3900 400 3996 legerat
448 3903 1007 3994 precatiunculas
1043 3959 1058 3986 ,
1111 3927 1288 3993 quae
1341 3904 1732 3996 legentibus
1782 3905 2103 3996 placuere
2158 3918 2224 3974 et
2276 3904 2515 3975 multis
2561 3926 2700 3974 usu

137 3991 573 4081 profuerunt.
629 3992 751 4061 His
797 3991 1281 4083 interpellabat
1330 4015 1567 4063 verum
1632 3997 1843 4063 Deum
1907 4007 1974 4063 et
2031 4015 2365 4084 sponsum
2426 3993 2699 4063 animae

138 4103 331 4162 suae,
388 4080 716 4151 laetitiam
766 4082 996 4151 cordis
1044 4082 1178 4162 sui,
1234 4104 1314 4151 ac
1367 4082 1949 4173 benignissimum
1999 4082 2244 4152 Jesum
2302 4103 2537 4152 amore
2578 4081 2698 4151 illo

140 4168 646 4257 perfectissimo
676 4226 691 4252 ,
744 4191 881 4257 quo
929 4170 1140 4240 simul
1191 4171 1497 4241 universi
1545 4172 1730 4241 cives
1776 4171 2081 4263 empyrei
2130 4171 2307 4241 eum'
2341 4170 2464 4240 dili
2521 4181 2691 4253 unt,

140 4278 213 4326 se
250 4260 572 4348 prosequi
602 4271 668 4329 et
697 4257 1014 4329 consumi
1052 4271 1185 4330 toto
1215 4258 1420 4329 corde
1451 4260 1981 4350 protestabatur.
2028 4259 2446 4330 Adventante
2537 4259 2696 4349 ujus

142 4347 253 4415 sui
294 4345 524 4417 dilecti
584 4349 654 4418 in
709 4347 1102 4418 Bethlehem
1154 4347 1424 4430 Natali,
1476 4371 1638 4418 cum
1689 4372 1848 4419 eum
1904 4348 2267 4440 parvulum
2320 4359 2386 4418 et
2426 4347 2695 4417 nudum

143 4455 304 4503 cum
359 4434 560 4526 inope
610 4450 825 4507 matre
874 4437 1501 4529 contemplaretur,
1558 4437 1827 4528 piorum
1880 4431 2166 4529 operum
2221 4436 2563 4528 singulari
2616 4458 2696 4505 ac
