3308 5004
636 333 723 399 48
1403 349 1482 395 nn:
1529 349 1587 397 s.
1639 347 1917 396 rumano
1965 347 2247 396 nactuso
2818 324 3007 409 Aua.
3065 330 3096 397 4

548 446 793 527 potest,
838 434 971 525 nisi
1022 432 1248 515 suerit,
1302 433 1482 503 sicut
1528 454 1733 523 saepe
1780 433 2006 503 testati
2064 455 2334 513 sumuS,
2393 433 2509 502 Dei
2556 431 2899 524 adjutorio
2939 456 3098 524 pro-

548 537 855 595 vocatus.
929 523 1037 593 Sic
1111 523 1294 591 enim
1354 521 1943 624 Psalmographus
2013 522 2083 590 in
2146 521 2266 591 illo
2340 521 2605 592 mediae
2671 522 3108 617 perfectionis

550 612 774 705 gradu
823 612 1151 699 loquitur,
1204 611 1483 680 dicens:
1524 612 1664 682 Nis1
1718 612 2050 682 Dominus
2096 609 2558 681 aedificaverit
2605 611 2891 681 domum
2921 668 2937 694 ,
2998 613 3109 680 in-

548 725 805 773 vanum
858 701 1193 781 laborant,
1235 701 1355 787 qui
1395 700 1766 770 aedificant
1802 722 1980 769 eam.
2026 699 2225 780 Quod
2269 699 2690 800 adjutorium
2727 723 2860 770 non
2900 700 3112 770 modo

549 803 913 881 martyreS,
957 811 1188 859 verum
1249 789 1455 859 etiam
1506 801 1572 858 et
1619 788 1760 869 illi,
1804 811 1981 876 quos
2029 809 2265 858 sacrae
2313 802 2489 858 vitae
2536 788 2904 858 celebravit
2975 811 3105 858 au·

549 880 851 960 ctoritaS,
886 879 1149 970 jugiter
1175 879 1627 966 inquirenteS,
1667 877 1751 946 ad
1804 878 1956 960 boc,
1994 877 2177 965 quod
2214 878 2364 947 sitis
2411 877 2737 947 desiderii
2771 878 3109 969 spiritalis

549 968 931 1059 promebat,
971 968 1234 1037 alacres
1331 980 1766 1036 ervenerunt.
1820 972 1988 1037 Nam
2029 968 2089 1035 si
2146 966 2228 1035 ad
2278 966 2689 1057 martyrium
2745 989 2942 1036 mens
2991 989 3109 1037 ac-

548 1080 751 1128 censa
787 1070 910 1138 est,
968 1057 1182 1144 hujus
1215 1078 1254 1125 a
1301 1055 1543 1143 jutorii
1593 1077 1792 1146 opem
1847 1056 2160 1214 poposcit
2209 1067 2507 1146 martyr,
2560 1067 2637 1125 ut
2676 1056 2999 1125 vinceret.
3039 1056 3109 1126 Si

539 1147 793 1238 jejunii
840 1146 1345 1215 observantiam
1410 1144 1740 1214 adhibere
1810 1156 1916 1215 stu
1974 1145 2116 1221 uit,
2168 1156 2246 1214 ut
2293 1145 2382 1215 ab
2429 1166 2509 1214 eo
2554 1143 3060 1215 confortaretur
3089 1199 3105 1226 ,

549 1236 847 1305 afflictus
891 1247 1016 1304 est.
1073 1234 1139 1303 Si
1174 1233 1469 1303 castitati
1520 1246 1715 1304 artus
1756 1255 2101 1304 reservare
2152 1233 2365 1303 voluit
2414 1233 2851 1323 impollutos,
2891 1246 2968 1304 ut
3019 1235 3113 1304 ab

551 1325 671 1396 illo
723 1325 1134 1404 muniretur,
1187 1322 1426 1392 oravit.
1483 1323 1550 1391 Si
1668 1334 1773 1392 ost
1827 1322 2292 1412 ignorantiam
2346 1321 2760 1412 poenitendo
2805 1322 3114 1392 converti

552 1413 1007 1493 desideravit,
1061 1425 1140 1480 ut
1194 1411 1282 1480 ab
1343 1432 1423 1481 eo
1473 1411 1621 1480 nihi
1652 1412 1934 1481 ominus
1997 1411 2513 1493 sublevaretur,
2565 1433 2726 1480 cum
2778 1410 3114 1503 lacrymis

549 1502 909 1594 flagitavit.
963 1506 1043 1569 Et
1099 1500 1156 1568 si
1205 1499 1371 1587 quid
1423 1501 1652 1590 operis
1710 1500 1873 1570 boni
1921 1522 2232 1570 exercere
2299 1522 2539 1570 eorum
2608 1500 2959 1590 quispiam
3008 1512 3117 1570 est

549 1591 946 1670 meditatuS,
987 1602 1064 1658 ut
1110 1589 1197 1659 ab
1237 1589 1366 1658 hoc
1415 1589 1760 1679 adjutorio
1798 1590 2186 1680 juvaretur,
2240 1589 2546 1679 expetiit.

636 1682 674 1767 ξ
724 1686 813 1751 ῡ.
866 1684 992 1748 Per
1048 1678 1175 1748 hos
1237 1700 1401 1768 ergo
1448 1678 1676 1747 scalae
1743 1678 1953 1763 hujus
2000 1699 2332 1748 ascensus
2380 1689 2519 1747 tam
2563 1675 2908 1758 difficiles,
2963 1689 3112 1747 tam

553 1767 882 1849 excelSOS‚
940 1780 1075 1837 tam
1118 1766 1399 1846 arduos,
1433 1788 1595 1836 cum
1648 1767 1789 1836 sint
1834 1766 2113 1848 diversi,
2157 1766 2242 1836 ad
2295 1788 2517 1837 unum
2572 1779 2837 1835 tantum
2876 1766 3116 1836 Domi-

551 1879 749 1939 num,
804 1879 926 1947 per
987 1857 1211 1945 ipsius
1282 1856 1609 1947 adjutorii
1659 1878 1857 1947 opem
1935 1855 2449 1926 conscenditur.
2518 1854 2784 1924 Idcirco
2833 1877 3119 1945 semper

550 1945 671 2015 ille
720 1945 1134 2037 poscendus,
1172 1943 1292 2023 ille
1337 1944 1800 2032 quaerenduS,
1853 1943 1970 2014 ille
2002 1943 2432 2014 invocandus
2477 1944 2630 2026 erit,
2684 1958 2759 2015 ut
2803 1944 2989 2031 quod
3026 1944 3120 2014 de

551 2035 733 2106 bono
776 2055 972 2104 mens
1019 2034 1345 2124 concipit,
1381 2033 1725 2122 adjutorio
1774 2055 1900 2103 suo
1950 2034 2098 2124 ipse
2148 2033 2482 2124 perficiat.

636 2126 675 2212 ξ
721 2128 814 2196 8.
869 2123 1020 2192 Fuit
1055 2123 1267 2213 igitur
1295 2107 1477 2213 apud
1516 2122 1818 2193 insulam
1845 2122 1882 2159 ⁴⁸
1913 2122 2361 2193 Vindunitam
2390 2120 2588 2192 urbis
2620 2120 3116 2191 Nanneticae**

548 2213 656 2282 vir
699 2213 1015 2303 egregiae
1064 2212 1469 2294 sanctitatiS,
1504 2212 1830 2282 Friardus
1880 2212 2184 2294 nomine,
2222 2211 2577 2282 reclusus:
2614 2209 2701 2279 de
2731 2211 2938 2300 cujus
2970 2210 3115 2280 vita

552 2324 933 2393 parumper
989 2300 1074 2369 ad
1132 2301 1680 2371 aedificationem
1730 2300 2072 2371 Ecclesiae
2119 2300 2350 2371 dicere
2397 2299 2690 2369 delectat
2736 2300 3053 2369 animum
3092 2355 3113 2382 ,

550 2392 717 2478 quia
767 2391 1033 2482 ignom,
1068 2412 1155 2459 an
1188 2391 1277 2460 ab
1309 2390 1545 2477 aliquo
1578 2390 1667 2461 sit
1705 2390 1983 2480 scripta.
2028 2389 2155 2459 Hic
2193 2392 2283 2461 ab
2324 2387 2615 2459 infantia
2664 2409 2787 2458 sua
2837 2408 3120 2479 semper

551 2484 688 2551 Deo
736 2480 1022 2551 devotus
1069 2478 1198 2549 fuit
1228 2492 1431 2568 atque
1480 2479 1820 2570 pudicus:
1873 2478 2095 2549 factus
2129 2492 2356 2550 autem
2393 2478 2520 2561 vir,
2567 2498 2841 2568 semper
2889 2477 2960 2546 in
2997 2477 3118 2549 Dei

549 2570 904 2651 laudibus,
959 2590 1235 2661 semper
1263 2571 1333 2639 in
1373 2570 1704 2651 oratione,
1749 2590 2023 2658 semper
2069 2568 2138 2636 in
2191 2567 2452 2660 vigiliis
2498 2566 2828 2658 degebat,
2881 2566 3112 2637 victus

550 2660 943 2731 necessaria
978 2659 1279 2749 propriis
1319 2658 1645 2728 manibus
1693 2658 1973 2747 exigens
2007 2679 2045 2727 a
2096 2669 2297 2726 terra:
2334 2669 2401 2726 et
2435 2657 2494 2729 si
2542 2657 2612 2725 in
2662 2676 2873 2746 opera
2927 2655 3114 2725 inter

550 2749 857 2836 reliquos
888 2759 1307 2838 properaret,
1340 2767 1723 2835 numquam
1754 2748 1842 2817 ab
1864 2746 2174 2815 oratione
2211 2746 2524 2816 cessabat
2555 2769 2571 2814 ε
2608 2743 2796 2832 quod
2830 2744 3107 2826 vicinis,

551 2851 673 2907 aut
719 2837 1083 2916 extraneiS,
1128 2846 1205 2905 ut
1238 2857 1387 2905 mos
1434 2835 1852 2906 rusticorum
1897 2834 2126 2916 habet,
2164 2833 2538 2904 ridiculum
2587 2846 2755 2903 erat.
2794 2832 3116 2916 Quodam

550 2948 710 2995 vero
757 2925 870 2994 die
897 2945 1087 3005 cum,
1132 2923 1418 3011 reliquis
1453 2924 1522 2993 in
1573 2934 1801 3014 segete
1844 2922 2117 2994 culmos
2163 2922 2659 3004 incidentibuS,
2713 2921 3117 3012 manipulos

551 3013 934 3104 colligaret,
989 3033 1274 3082 examen
1323 3011 1753 3081 mirabilium
1802 3023 2008 3100 atque
2044 3033 2403 3082 saevarum
2457 3029 2884 3092 muscarum,
2923 3032 3109 3099 quas

556 3103 768 3194 vulgo
809 3123 1053 3192 vespas
1101 3112 1388 3182 vocant,
1446 3101 1822 3191 reperiunt.
1877 3106 2186 3188 Cumque
2231 3099 2567 3170 acerrime
2618 3100 2895 3170 emissis
2941 3122 3115 3171 acu-

551 3190 682 3262 leis
713 3199 1054 3262 messores
1104 3189 1504 3271 lacerarent,
1559 3189 1872 3276 undique
1917 3190 2430 3261 circumeuntes
2479 3210 2771 3259 messem
2801 3244 2816 3270 ,
2875 3187 3111 3259 locum

552 3280 784 3363 illum,
843 3280 912 3349 in
975 3300 1112 3367 quo
1170 3278 1297 3348 hae
1344 3279 1687 3349 adunatae
1724 3290 1942 3359 erant,
1998 3278 2449 3360 transiliunt,
2501 3293 2708 3365 atque
2757 3276 3115 3348 irridendo

552 3370 833 3440 beatum
883 3367 1244 3438 Friardum
1312 3367 1766 3455 alloquuntur
1819 3367 2079 3449 dolose,
2132 3367 2486 3438 dicentesz
2539 3367 2778 3436 Veniat
2825 3366 3115 3436 benedi-

551 3471 729 3540 ctuS,
768 3458 995 3527 veniat
1028 3456 1419 3547 religiosus,
1455 3458 1576 3544 qui
1605 3477 1800 3526 orare
1840 3478 1975 3527 non
2010 3456 2288 3538 desinit,
2323 3456 2443 3544 qui
2494 3459 2778 3526 Crucem
2818 3455 3114 3525 auribus

554 3559 621 3617 et
666 3546 889 3617 oculis
938 3567 1212 3635 semper
1249 3546 1580 3635 imponit,
1632 3547 1753 3633 qui
1800 3545 1931 3615 viis
1994 3545 2259 3615 itineris
2308 3545 2415 3614 sui
2467 3543 2798 3615 salutaria
2864 3543 3114 3613 vexilla

555 3635 964 3726 praemittit:
1020 3635 1169 3721 ipse
1218 3646 1423 3705 metat
1503 3656 1717 3724 super
1759 3655 2087 3716 examen,
2140 3634 2289 3724 ipse
2336 3632 2537 3703 illum
2612 3654 2740 3702 sua
2798 3632 3115 3703 oratione

551 3724 910 3794 mitescere
946 3722 1175 3792 faciat.
1228 3728 1417 3793 Tunc
1469 3723 1670 3810 quasi
1718 3723 1804 3792 ad
1864 3723 2341 3794 confusionem
2393 3721 2790 3792 Dominicae
2835 3721 3114 3792 virtutis

554 3812 725 3882 haec
774 3813 979 3882 verba
1010 3811 1424 3901 suscipiens,
1471 3811 1879 3902 provolutus
1924 3824 2166 3890 terrae,
2205 3811 2585 3882 orationem
2635 3810 2817 3881 fudit
2862 3809 2948 3880 ad
2987 3814 3115 3880 Do-

555 3902 866 3972 minum:
897 3914 964 3971 et
993 3900 1353 3983 accedens,
1392 3902 1567 3970 facto
1604 3899 1906 3990 desuper
1944 3902 2143 3991 signo
2177 3900 2436 3981 Crucis,
2491 3899 2625 3986 ait:
2675 3900 3116 3991 Adjutorium

550 4001 851 4060 nostrum
891 3991 962 4059 in
1008 3991 1277 4060 nomine
1331 3992 1619 4071 Domini,
1678 3992 1803 4082 qui
1851 3992 2012 4081 fecit
2058 3992 2318 4061 coelum
2349 3999 2430 4059 et·
2468 3998 2745 4058 terram.
2801 3988 2893 4059 Ad
2930 3988 3116 4057 hanc

553 4079 707 4169 ejus
746 4079 1124 4148 orationem
1174 4077 1533 4150 confestim
1594 4100 1839 4148 omnes
1869 4099 2118 4169 vespae
2166 4100 2241 4148 se
2295 4077 2479 4146 intra
2526 4089 2850 4158 antrum,
2922 4075 3116 4146 unde

551 4187 871 4257 egressae
909 4166 1206 4250 fuerant,
1251 4168 1695 4239 abdiderunt.
1735 4167 1860 4238 Ille
1907 4188 2066 4237 vero
2112 4165 2585 4257 spectaculum
2643 4164 2957 4237 omnium
3009 4164 3117 4234 fa-

552 4269 732 4413 ctusi,
788 4277 1079 4415 messem
1124 4258 1360 4358 ‚statim
1426 4256 1713 4327 illaesus
1767 4256 2067 4348 collegit.
2120 4255 2312 4338 Quod
2368 4276 2503 4325 non
2572 4254 2725 4325 sine
2771 4252 3158 4325 miraculo·

548 4365 670 4414 lrrt
728 4357 865 4415 enti
922 4367 1006 4414 us
1069 4357 1194 4415 uit.
2494 4395 2500 4401 .

598 4466 627 4495 ¹·
660 4467 872 4508 Vina-anet
892 4466 1055 4509 insul·
1071 4470 1144 4510 cat
1163 4466 1348 4519 Ligeris
1374 4465 1562 4521 (Loto-o).
1940 4467 1996 4497 ⁸·
2025 4469 2209 4510 Nomen.
