3308 5004
673 318 755 383 54
1174 334 1254 381 nn
1302 334 1359 382 s.
1410 332 1836 381 nraanwouio
1881 332 2308 383 wmomnnsi
2354 331 2555 383 tusc.
2849 316 3039 385 AUG.
3092 319 3118 384 l

586 431 773 489 tuam
802 418 895 488 'in
946 417 1349 488 bullientem
1400 440 1677 506 aquam,
1715 430 1781 488 et
1822 432 2082 509 partem
2117 440 2333 488 unam
2373 440 2455 488 ex
2489 418 2630 490 imo
2666 419 2927 490 cacabo
2964 420 3131 491 mihi

585 508 679 578 im
738 508 884 599 iger
928 507 1230 578 extrahe.
1267 506 1390 576 Ille
1415 507 1898 577 incunctanter
1934 507 2212 577 mittens
2254 529 2566 589 manum,
2610 509 2700 579 ab
2728 509 2871 579 imo
2920 508 3132 580 lebete

586 531 989 668 bullientem
1040 608 1298 686 partem
1348 597 1635 686 excepit,
1691 617 1913 683 aquae
1961 595 2296 666 fervorem
2349 597 2636 666 minime
2684 598 3013 668 sentiens.
3068 603 3133 669 Is

586 685 1025 778 postmodum
1060 685 1284 755 Abbas
1312 699 1609 766 creatus»,
1633 686 1837 754 etiam
1865 684 2226 755 Wiltoniae
2259 684 2645 775 Episcopus
2676 685 2824 755 fieri
2857 687 3128 756 meruit.

673 777 711 862 ξ
758 780 852 845 6.
888 774 1041 843 Fuit
1067 772 1533 843 Ethelwoldus
1582 774 1997 864 templorum
2025 773 2595 861 diversarumque
2622 786 3128 845 structurarum

585 862 961 934 fabricator
1005 885 1041 931 e
1095 862 1349 963 regius.
1416 862 1540 932 Sed
1592 863 1991 932 communis
2054 862 2272 933 bostis
2321 861 2561 933 solitas
2594 885 2758 933 suae
2809 863 3133 954 maligni-

588 951 747 1022 tatis
772 952 831 1021 ei
864 884 1146 1021 tetendit
1171 950 1487 1033 insidiaS,
1530 963 1606 1020 ut
1651 950 1711 1019 si
1741 973 1874 1037 qua
1914 966 2140 1041 posset
2170 950 2456 1031 ratione,
2494 973 2652 1021 eum
2688 952 3128 1041 extingueret.

597 1045 761 1111 Cum
818 1040 1004 1110 enim
1054 1039 1471 1128 quandoque
1518 1040 1621 1109 vir
1669 1040 1784 1108 Dei
1834 1040 1903 1109 in
1953 1039 2270 1109 aedificio
2300 1038 2600 1127 quodam
2643 1039 3001 1123 laboraret,
3037 1042 3139 1110 in—

596 1151 769 1220 gens
824 1129 1037 1221 postis
1085 1150 1295 1219 super
1339 1151 1494 1197 eum
1530 1128 1800 1209 cecidit,
1844 1142 1908 1198 et
1955 1128 2026 1197 in
2090 1128 2348 1197 foveam
2399 1128 2770 1214 quamdam
2812 1151 2971 1200 eum
3020 1129 3137 1199 de-

583 1218 810 1300 trusit,
845 1217 1175 1287 omnibus
1207 1217 1344 1287 fere
1392 1217 1602 1287 costis
1648 1217 1863 1287 unius
1912 1216 2144 1286 lateris
2173 1216 2562 1287 confractis.
2604 1217 2799 1300 Quod
2849 1219 2911 1287 si
2943 1217 3132 1289 fovea

581 1307 781 1376 illum
834 1329 967 1376 non
1023 1306 1458 1396 suscepisset,
1518 1306 1848 1376 membris
1894 1306 2221 1375 omnibus
2277 1306 2617 1376 contritus
2664 1305 2932 1377 fuisset.
3002 1307 3129 1376 Sed

585 1396 833 1464 virtute
873 1394 1364 1484 omnipotentis
1413 1394 1526 1464 Dei
1559 1395 1661 1463 vir
1708 1408 1991 1464 sanctus
2022 1395 2208 1464 brevi
2251 1395 2609 1463 restitutus
2655 1409 2780 1465 est.
2832 1395 3128 1465 Tandem

573 1485 864 1575 jubente
912 1482 1177 1573 Edgaro
1223 1488 1427 1573 Rege,
1474 1484 1578 1553 vir
1624 1484 1738 1553 Dei
1773 1506 1814 1554 a
1847 1483 2041 1553 beato
2073 1489 2421 1553 Dunstano
2459 1483 2948 1554 Wintoniensis
2976 1485 3132 1573 Epi-

585 1594 841 1661 scopus
907 1587 1373 1642 consecratur.
1427 1578 1633 1642 Erant
1697 1588 1860 1641 tunc
1927 1572 1994 1640 in
2058 1572 2260 1642 veteri
2332 1572 2747 1641 monasterio
2812 1573 3133 1642 Canonici

586 1660 902 1730 moribus
952 1659 1144 1730 valde
1177 1660 1590 1750 depravatis,
1624 1661 1940 1742 elatione,
1997 1660 2399 1741 insolentia,
2454 1659 2730 1730 luxuria
2780 1660 2985 1743 foedi,
3045 1662 3137 1731 ita

584 1762 663 1820 ut
708 1749 989 1836 quidam
1032 1770 1111 1818 ex
1160 1749 1247 1819 iis
1298 1750 1558 1820 nollent
1605 1772 1732 1819 suo
1779 1750 2021 1819 ordine
2073 1749 2314 1819 Missas
2360 1748 2751 1819 celebrare:
2806 1749 3134 1840 repudia-

588 1838 812 1926 tisque
860 1838 1213 1919 uxoribuS,
1266 1861 1441 1925 quas
1494 1852 1759 1928 praeter
1776 1839 1902 1939 jus
1950 1837 2190 1925 fasque
2225 1838 2358 1907 sibi
2406 1836 2922 1926 copulaverant,
2963 1839 3134 1910 alias

586 1927 958 2007 ducebant,
1013 1927 1341 2016 crapulae
1372 1941 1437 1997 et
1482 1928 1792 1997 ebrietati
1830 1940 2159 2017 perpetuo
2196 1927 2548 1996 vacabant.
2603 1926 2677 1995 ld
2722 1927 3008 1997 minime
3035 1927 3135 1997 fe-

587 2038 746 2086 rens
797 2016 1201 2105 Episcopus,
1238 2029 1585 2087 annuente
1614 2022 1798 2107 Rege
1826 2015 2116 2106 EdgarO,
2172 2015 2434 2105 expulit
2462 2036 2603 2095 eos,
2641 2027 2706 2085 et
2736 2016 2804 2083 in
2856 2014 3133 2085 illorum

588 2105 817 2175 locum
863 2104 1244 2174 introduxit
1290 2105 1848 2176 Abendonienses
1891 2105 2289 2183 monachoS,
2339 2105 2560 2191 iisque
2598 2105 2744 2193 ipse
2783 2127 2855 2174 se
2901 2118 2966 2174 et
3013 2104 3138 2174 Ab·

586 2193 808 2263 batem
846 2207 911 2263 et
942 2194 1360 2284 Episcopum
1411 2194 1747 2265 exhibuit.
1803 2193 1984 2264 Misit
2031 2205 2261 2263 autem
2312 2198 2452 2262 Rex
2495 2192 2839 2280 *quosdam
2881 2215 2917 2261 e
2950 2193 3123 2273 suiS,

588 2282 708 2370 qui
742 2281 1020 2352 Clericis
1071 2282 1561 2371 praeciperent,
1614 2297 1691 2352 ut
1724 2296 1844 2351 aut
1871 2282 2391 2371 quamprimum
2439 2280 2588 2351 loco
2620 2282 3131 2361 renunciarent,

589 2384 709 2440 aut
744 2370 1200 2440 monasticum
1235 2370 1545 2441 habitum
1588 2372 2042 2460 susciperent.
2086 2370 2195 2441 Illi
2231 2370 2445 2438 nimio
2481 2391 2726 2459 pavore
2754 2370 3132 2451 conterriti,

587 2482 746 2530 cum
782 2460 988 2530 vitam
1044 2460 1492 2532 monasticam
1543 2473 2074 2542 execrarentur,
2124 2458 2480 2529 monachis
2530 2457 3080 2550 ingredientibus
3117 2514 3135 2542 ,

589 2549 816 2620 statim
871 2548 1018 2618 loco
1065 2570 1348 2620 cessere.
1396 2555 1632 2620 Postea
1681 2564 1907 2619 autem
1962 2562 2096 2618 tres
2143 2572 2224 2617 ex
2266 2548 2428 2628 illis,
2468 2549 2965 2618 monachorum
3018 2549 3143 2616 ba-

586 2637 808 2708 bitum
858 2637 1197 2729 complexi
1248 2652 1432 2709 sunt.
1486 2638 1579 2708 Ad
1622 2638 1692 2707 id
1740 2638 1926 2707 enim
1993 2637 2324 2727 temporis
2373 2637 2442 2705 in
2494 2650 2694 2736 gente
2761 2636 3140 2723 Anglorum

587 2748 724 2797 non
766 2742 961 2796 erant
1012 2728 1357 2807 monachi,
1400 2727 1531 2798 nisi
1564 2728 1630 2795 in
1676 2725 2035 2797 Glasconia
2069 2738 2135 2794 et
2180 2724 2600 2794 Abendonia.
2656 2730 2861 2794 Porro
2895 2725 3144 2793 Clerici

587 2815 714 2892 illi,
761 2814 1161 2884 stimulante
1212 2815 1466 2884 invidia
1517 2830 1584 2885 et
1630 2814 1866 2894 livore,
1904 2836 2242 2883 venenum
2298 2813 2942 2903 praesentissimum
2978 2813 3146 2903 Epi-

589 2924 797 2992 scopo
844 2903 1266 2973 obtulerunt.
1314 2909 1460 2986 Quo
1509 2902 1781 2982 hausto,
1822 2903 2048 2975 statim
2105 2902 2278 2971 facie
2325 2902 2394 2969 in
2459 2900 2786 2991 pallorem
2844 2914 3136 2982 mutata,

589 2991 851 3060 viscera
902 2989 1091 3060 illius
1138 2991 1653 3061 cruciabantur.
1710 2997 2015 3061 Surrexit
2056 3012 2218 3081 ergo
2265 3012 2305 3058 a
2341 3012 2602 3070 mensa,
2635 3002 2702 3060 et
2750 2990 2820 3058 in
2864 2989 3034 3059 lecto
3071 3011 3149 3059 se

590 3101 955 3169 reponens,
1009 3079 1180 3149 dixit
1219 3081 1468 3150 tacitus
1512 3079 1700 3169 apud
1738 3102 1846 3149 se:
1885 3079 2011 3149 Ubi
2046 3101 2233 3148 nunc
2258 3091 2361 3149 est
2392 3077 2565 3149 fides
2615 3080 2778 3149 tua‘?
2824 3078 2942 3148 ubi
2978 3092 3153 3149 sunt

590 3168 1038 3258 cogitationes
1089 3170 1336 3238 mentis
1387 3173 1591 3238 tuae?
1622 3173 1715 3237 An
1770 3189 1904 3237 non
1941 3189 2095 3237 vera
2127 3180 2290 3237 sunt
2334 3167 2535 3236 verba
2568 3167 2841 3246 Christi,
2879 3167 3148 3253 quibus

588 3257 664 3327 in
713 3256 1080 3346 Evangelio
1131 3257 1529 3347 pollicetur,
1577 3257 1635 3328 si
1688 3255 2114 3327 mortiferum
2164 3255 2331 3343 quid
2384 3256 2683 3326 biberint
2732 3255 3143 3337 credenteS,

592 3367 730 3414 non
780 3345 880 3416 eis
929 3344 995 3414 id
1049 3346 1495 3416 nociturum?
1530 3350 1633 3418 An
1689 3367 1823 3414 non
1880 3367 2203 3434 praesens
2236 3357 2337 3414 est
2383 3344 2765 3424 divinitate,
2816 3343 2936 3432 qui
2970 3343 3151 3413 haec

593 3433 922 3521 loquitur,
968 3434 1093 3505 etsi
1144 3456 1429 3525 corpore
1476 3437 1728 3504 absens
1775 3439 1925 3504 est?
1973 3433 2096 3504 Ille
2146 3432 2605 3523 proculdubio
2654 3433 2842 3502 virus
2892 3433 3019 3502 hoc
3073 3433 3149 3501 in

594 3537 658 3592 te
690 3544 1015 3591 enervare
1073 3535 1311 3612 potest.
1357 3523 1479 3592 His
1526 3522 1754 3604 dictis,
1814 3535 2020 3593 totam
2073 3521 2262 3590 illam
2316 3520 2697 3590 lethiferam
2752 3521 3147 3611 potionem,

593 3632 803 3698 quam
855 3610 1200 3692 hauserat,
1238 3612 1373 3681 fide
1421 3634 1546 3681 sua
1577 3632 1732 3681 mox
1780 3611 2199 3681 inefficacem
2252 3610 2573 3690 reddidit,
2630 3608 2968 3699 pulsoque
3015 3608 3153 3679 do-

598 3699 763 3780 lore,
803 3698 1007 3768 hilari
1041 3699 1236 3769 vultu
1284 3701 1600 3770 surrexit.
1639 3706 1995 3770 Annuente
2026 3711 2255 3769 autern
2298 3704 2480 3789 Rege
2512 3698 2802 3788 Edgaro,
2841 3698 2927 3767 de
2966 3719 3149 3768 novo

598 3788 1037 3869 monasterio,
1076 3788 1258 3875 quod
1310 3811 1496 3860 nunc
1544 3789 1793 3858 Hidam
1844 3801 2107 3868 vocant,
2157 3789 2535 3858 Canonicos
2580 3809 2660 3855 ex
2712 3787 2864 3868 ulit,
2916 3800 2982 3856 et
3011 3786 3155 3856 Ab-

593 3876 820 3947 batem
871 3899 1031 3947 curn
1066 3878 1426 3947 monachis
1465 3879 1534 3947 in
1586 3877 1756 3947 illud
1803 3877 2204 3948 introduxit.
2257 3881 2326 3946 Is
2356 3877 2579 3946 Abbas
2627 3897 2664 3944 a
2761 3896 2841 3944 eo
2885 3875 3158 3944 consti-

595 3978 811 4046 tutuS,
862 3964 992 4034 fuit
1040 3966 1467 4057 Ethelgarus,
1510 3966 1632 4054 qui
1675 3979 1902 4057 postea
1934 3965 2351 4036 Australium
2384 3967 2727 4034 Saxonum
2759 3964 3157 4054 Episcopus

596 4053 842 4132 factus,
881 4066 1118 4124 sancto
1172 4060 1518 4126 Dunstano
1567 4056 1636 4124 in
1688 4054 2295 4145 Archiepiscopatu
2337 4052 2691 4123 successit.

685 4145 845 4299 5¹⁸2.
875 4143 1064 4234 Apud
1100 4143 1516 4214 wintoniam
1552 4166 1825 4231 quoque
1859 4141 2349 4212 monasterium
2383 4141 2731 4231 virginum
2760 4140 3161 4212 construxit

597 4231 669 4300 in
748 4253 1026 4302 onorem
1065 4232 1500 4303 beatissimae
1528 4232 1760 4302 Matris
1792 4232 1931 4302 Dei.
1968 4237 2216 4301 Locum
2254 4229 2456 4299 etiam
2493 4229 2893 4317 quemdam,
2931 4251 3152 4316 quem

599 4318 806 4389 modo
833 4320 983 4389 Heli
1011 4334 1273 4404 vocant,
1309 4321 1378 4390 in
1422 4320 1669 4393 fiscum
1707 4320 1969 4422 regium
2005 4320 2385 4400 redactum,
2437 4339 2572 4389 non
2616 4318 2892 4388 modico
2923 4318 3159 4409 pretio

594 4407 803 4476 emit:
858 4410 1232 4478 monachos
1293 4409 1438 4480 illic
1494 4409 1889 4479 collocavit:
1942 4409 2325 4478 Britnotum
2377 4407 2843 4497 praepositum
2896 4428 3148 4489 suum,
