3308 5004
201 325 390 397 AUG.
444 327 527 393 ⁴9
902 345 979 392 nc
1027 344 1085 393 s.
1134 343 1443 392 Lnnovlco
1490 342 1690 393 zmsc.
1743 343 2066 396 romsmo
2311 347 2318 356 ·
2535 327 2665 396 425

201 426 624 520 permissum
676 425 739 494 ei
770 438 947 495 esset
990 438 1056 495 et
1106 425 1418 495 habitum
1475 428 1788 494 Fratrum
1837 425 2175 496 Minorum
2230 425 2540 506 induere,
2581 436 2647 495 et
2679 423 2752 492 in

204 516 535 587 manibus
580 515 873 587 Ministri
904 513 1246 606 generalis
1270 513 1490 584 sancti
1529 513 1874 583 Francisci
1925 514 2316 585 institutum
2350 513 2755 584 solemniter

203 604 538 696 profiteri.
602 603 676 673 Id
822 617 1174 691 steaquam
1240 601 1420 684 fecit,
1474 601 1735 673 invitus
1807 602 2080 672 tandem
2140 603 2210 672 in
2263 603 2585 694 Episcopi
2641 624 2756 671 ca-

202 693 450 765 thedra
496 714 569 764 se
607 692 711 762 col
744 692 930 763 ocari
978 691 1343 762 sustinuit:
1383 691 1453 761 in
1501 713 1641 777 qua
1687 712 1853 760 sane
1901 703 2159 778 quanto
2207 713 2280 762 se
2319 692 2486 761 vidit
2536 691 2757 762 subli-

204 784 545 863 miorem,
612 793 797 852 tanto
845 781 1216 851 arbitratus
1280 792 1381 852 est
1448 779 1754 849 viliorem
1806 791 2008 867 atque
2082 780 2545 869 abjectiorem.
2621 786 2754 852 Nec

205 872 535 962 deinceps
583 872 721 960 pati
770 871 985 941 voluit
1017 870 1173 940 aliis
1220 891 1293 938 se
1339 869 1645 939 vestibus
1698 867 1932 949 indui,
1987 890 2195 956 quam
2264 869 2566 959 suscepti
2631 873 2757 939 Or-

208 961 396 1029 dinis
429 959 545 1029 vili
575 960 813 1029 habitu
837 973 904 1029 et
933 958 1214 1048 cingulo
1248 957 1526 1028 nodoso,
1569 963 1726 1027 Jam
1751 958 1935 1027 enim
1971 957 2229 1048 oblitus
2259 970 2405 1026 erat
2443 980 2514 1027 se
2550 957 2756 1048 Regis

204 1049 456 1129 filium,
514 1049 858 1118 nesciebat
890 1071 961 1118 se
994 1047 1449 1138 Episcopum:
1506 1046 1730 1117 solum
1774 1046 2118 1137 cogitabat
2158 1068 2229 1115 se
2274 1045 2552 1117 fratrem
2602 1067 2754 1115 esse

211 1136 503 1208 instituti
544 1138 907 1207 Minorum.
963 1141 1175 1206 Canes
1225 1136 1590 1216 venaticOS‚
1653 1156 1934 1224 rapaces
1983 1134 2331 1214 volucres,
2377 1134 2751 1204 histriones

203 1240 274 1297 et
306 1227 610 1296 levitates
655 1248 896 1296 omnes
942 1247 981 1295 a
1021 1226 1169 1295 suis
1215 1224 1504 1294 aedibus
1551 1223 1860 1304 arcebat,
1913 1234 1989 1292 ut
2056 1223 2369 1314 personis
2417 1222 2756 1293 Ecclesia-

208 1315 402 1386 sticis
450 1314 583 1405 ipsi
632 1314 1114 1384 assistentibus
1175 1327 1401 1404 posset
1454 1325 1641 1384 tanto
1695 1311 2083 1402 expeditius
2145 1312 2380 1382 divina
2444 1333 2756 1401 promere

206 1403 504 1492 eloquia,
555 1416 621 1474 et
667 1416 942 1474 sanctae
998 1403 1170 1472 vitae
1217 1403 1301 1471 de
1350 1424 1420 1472 se
1489 1402 1804 1493 exempla
1850 1401 2198 1491 praebere.
2272 1406 2456 1471 Inter
2517 1400 2754 1469 omnia

208 1493 449 1562 divina
496 1492 934 1573 charismata,
989 1492 1357 1583 praecipue
1408 1491 1477 1560 in
1526 1512 1605 1560 eo
1657 1489 2003 1560 relucebat
2052 1491 2303 1560 eximia
2361 1488 2747 1570 humilitaS,

206 1580 399 1652 haud
450 1580 648 1650 aliter
694 1593 896 1667 atque
952 1580 1427 1651 carbunculus
1480 1579 1547 1648 in
1599 1601 1809 1649 aureo
1856 1593 2280 1649 ornamento.
2347 1577 2560 1647 Annis
2609 1578 2756 1646 sin-

208 1668 397 1761 gulis
427 1669 538 1739 die
576 1674 833 1740 Coenae
868 1669 1259 1738 Dominicae
1289 1668 1653 1739 duodecim
1692 1690 1831 1758 pau
1883 1689 2078 1737 erum
2115 1667 2438 1738 abluebat
2472 1688 2747 1746 manus,

209 1759 445 1829 cibum
482 1771 856 1848 potumque
890 1758 1028 1828 illis
1060 1759 1473 1849 apponebat,
1527 1780 1605 1827 ac
1654 1757 1810 1826 dein
1868 1780 1904 1826 e
1946 1757 2012 1824 in
2110 1779 2290 1826 enua
2341 1778 2412 1826 se
2461 1755 2758 1824 submit-

211 1862 388 1928 term,
426 1869 660 1917 eorum
699 1847 933 1917 itidem
986 1846 1255 1916 lavabat
1306 1847 1532 1936 pedes.
1574 1851 1649 1915 In
1700 1846 1957 1932 quibus
1990 1867 2030 1915 o
2082 1846 2235 1916 lciis
2282 1844 2547 1915 tametsi
2596 1865 2757 1934 prae

210 1959 286 2007 se
332 1935 508 2005 ferre
540 1935 880 2006 videretur
913 1935 1223 2005 servilem
1253 1956 1642 2026 personam,
1680 1948 1747 2004 at
1787 1934 2245 2004 nihilominus
2286 1932 2753 2003 honorificans

213 2023 675 2095 ministerium
721 2046 955 2106 suum,
1011 2024 1432 2116 pontificiam
1488 2024 1802 2094 servabat
1854 2023 2355 2093 auctoritatem.
2394 2027 2569 2091 Eroa
2631 2021 2758 2089 mi-

213 2135 404 2183 seros
450 2113 635 2183 enim
685 2125 750 2183 et
796 2112 1233 2183 calamitosos
1258 2113 1645 2182 humanum
1698 2125 1762 2182 et
1803 2125 2242 2182 mansuetum
2291 2134 2368 2182 se
2398 2074 2762 2179 exbibebat

211 2203 465 2272 ductus
500 2201 1011 2273 misericordia:
1064 2224 1226 2291 erga
1276 2201 1611 2291 superbos
1648 2214 1714 2271 et
1763 2202 2063 2270 tumidos
2100 2211 2506 2291 peccatores,
2563 2197 2761 2269 ‘usti-

216 2292 349 2361 tiae
376 2292 728 2360 severitate
763 2291 1101 2361 utebatur.
1140 2297 1376 2377 ltaque
1402 2292 1471 2359 in
1507 2290 1812 2370 illorum,
1848 2291 2105 2376 quibus
2132 2287 2439 2358 conferre
2469 2287 2551 2354 de
2604 2288 2763 2357 ebat

215 2379 547 2450 beneficia
595 2379 1093 2460 Ecclesiastica,
1150 2402 1373 2449 mores
1432 2392 1497 2449 et
1544 2378 1900 2447 scientiam
1964 2390 2279 2447 accurate
2336 2375 2753 2462 inquirebat,

216 2468 554 2557 nullaque
605 2468 837 2539 hahita
887 2467 1147 2539 ratione
1179 2468 1617 2548 conditioniS,
1676 2488 1958 2557 precum
1996 2480 2113 2537 aut
2146 2465 2418 2546 favoris,
2473 2464 2558 2533 iis
2603 2486 2762 2554 pro-

214 2558 511 2628 videbat.
567 2558 859 2628 Clericos
891 2580 1165 2645 quoque
1200 2569 1581 2647 peccanteS,
1617 2556 1877 2642 absque
1925 2578 2033 2625 res
2085 2568 2238 2626 ectu
2281 2575 2756 2644 personarum,

214 2646 519 2737 regulari
554 2647 890 2717 subdebat
919 2647 1360 2736 disciplinae:
1398 2667 1699 2732 cumque
1739 2645 1805 2714 id
1842 2667 2008 2734 expe
2066 2647 2158 2713 ire
2189 2656 2518 2722 cerneret,
2548 2643 2758 2712 etiam

214 2736 571 2807 beneficiis
623 2736 954 2828 privabat.
1009 2741 1232 2807 Rarus
1266 2736 1547 2805 omnino
1582 2734 1728 2803 dies
1769 2732 1870 2802 illi
1896 2733 2088 2814 abiit,
2125 2754 2262 2821 quo
2313 2754 2446 2801 non
2482 2732 2762 2800 Missam

213 2824 611 2895 celebraret.

261 2916 339 3015 ᾧ
388 2919 472 2987 4.
526 2919 603 2983 Et
640 2913 805 3002 quia
851 2913 1031 2983 sicut
1077 2935 1233 2983 esca
1280 2934 1606 3002 corporea
1656 2912 1789 2981 cito
1837 2910 2306 3000 corrumpitur
2336 2963 2351 2988 ,
2407 2909 2544 2980 nisi
2595 2906 2763 2979 salis

213 3002 595 3071 acrimonia
630 3014 957 3084 servetur,
1002 3002 1101 3072 sic
1134 3002 1309 3071 vitae
1358 3001 1810 3071 sanctimonia
1860 2998 2059 3069 facile
2086 2998 2395 3077 labascit,
2424 2996 2557 3067 nisi
2602 3018 2763 3085 poe-

214 3092 542 3161 nitentiae
575 3092 969 3162 austeritate
1001 3090 1351 3161 fulciatur:
1407 3091 1509 3158 vir
1559 3090 1670 3159 Dei
1724 3088 1943 3158 victus
1993 3087 2447 3178 parsimonia,
2502 3086 2766 3176 asperi-

216 3192 352 3250 tate
389 3180 705 3259 vestium,
746 3180 1359 3281 vigiliis,jejuniis‚
1399 3177 1587 3248 curis
1614 3191 1677 3247 et
1711 3177 2066 3248 laboribus
2099 3198 2372 3245 carnem
2408 3176 2759 3254 domabat,

216 3282 284 3338 et
329 3269 617 3358 cogebat
664 3269 940 3358 spirltui
991 3271 1251 3360 parere.
1305 3267 1572 3337 Nodosa
1642 3266 1824 3336 enim
1880 3278 2052 3335 reste
2107 3264 2426 3353 cingebat
2502 3264 2762 3333 nudam

215 3379 524 3437 carnem,
561 3369 627 3427 et
674 3357 967 3428 stamine
1014 3379 1255 3446 aspero
1304 3357 1625 3426 utebatur
1675 3378 1795 3446 pro
1846 3353 2162 3425 interula.
2205 3353 2621 3443 Urgentibus
2652 3372 2764 3422 ec-

216 3446 469 3516 clesiae
508 3446 731 3535 ipsius
777 3446 1031 3527 causis,
1086 3458 1161 3514 ut
1208 3444 1342 3515 alio
1408 3445 1992 3535 proficisceretur,
2062 3443 2368 3512 diversas
2417 3441 2653 3512 ltaliae
2701 3450 2766 3509 et

217 3535 478 3606 Galliae
517 3534 1009 3624 perambulans
1042 3535 1376 3624 regiones,
1411 3546 1476 3602 et
1524 3534 1785 3620 ubique
1832 3533 2112 3602 verbum
2161 3532 2276 3600 Dei
2331 3530 2759 3621 praedicanS,

218 3624 399 3694 venit
448 3623 781 3694 Lutetiam
837 3624 1301 3693 Parisiorum:
1355 3635 1558 3710 atque
1614 3623 1773 3691 inde
1825 3622 2343 3712 proficiscens,
2421 3618 2766 3710 superatis

218 3713 587 3803 Pyrenaeis
651 3712 1000 3783 montibus
1035 3767 1051 3793 ‚
1124 3712 1529 3801 Hispaniam
1579 3712 1771 3792 adit,
1828 3722 2321 3801 peragrataque
2370 3708 2710 3779 catalonia
2745 3760 2760 3788 ,

219 3824 532 3875 reversus
597 3815 700 3873 est
745 3802 815 3871 in
867 3801 1319 3871 Provinciam.
1374 3801 1463 3869 Ad
1527 3800 1677 3891 ejus
1733 3800 2099 3869 conciones
2146 3797 2528 3868 audiendas
2581 3805 2769 3864 tanta

219 3891 542 3961 aviditate
605 3890 1058 3961 accurrebant
1106 3889 1458 3967 homines,
1516 3902 1591 3958 ut
1640 3901 1917 3979 propter
1980 3887 2216 3956 turbas
2271 3908 2418 3954 sese
2467 3884 2764 3952 invicem

218 3980 781 4070 comprimenteS,
824 3978 1108 4066 quidam
1145 3979 1214 4049 in
1250 3978 1487 4047 mortis
1534 3977 1905 4046 discrimen
1958 3975 2489 4045 adducerentur.
2529 3970 2769 4041 Divina

220 4069 499 4138 tandem
526 4068 971 4159 dispensante
1001 4066 1390 4146 clementia,
1419 4089 1577 4136 cum
1607 4065 1797 4137 brevi
1820 4064 2154 4154 explesset
2186 4076 2492 4151 tempora
2522 4059 2761 4142 multa,

220 4171 500 4227 sanctus
545 4158 832 4227 antistes
866 4157 935 4226 in
992 4178 1071 4226 eo
1123 4155 1293 4234 loco,
1348 4156 1468 4242 qui
1516 4154 1902 4235 Brimonia,
1956 4152 2233 4233 dieitur,
2287 4171 2508 4220 annos
2556 4161 2763 4220 natus

222 4246 665 4336 trigintatreS,
706 4245 1095 4315 ardentium
1133 4245 1195 4313 vi
1238 4242 1532 4312 febrium
1569 4256 1948 4332 correptus,
1988 4262 2169 4310 anno
2196 4239 2439 4309 salutis
2472 4259 2766 4308 uccxcvn

222 4339 302 4404 44
370 4335 699 4404 Calendas
752 4332 1170 4425 Septembris
1220 4331 1504 4402 feliciter
1555 4331 1871 4421 migravit
1917 4328 2002 4399 ad
2055 4328 2445 4398 Dominum.
2503 4332 2767 4417 Corpus

221 4423 373 4512 ejus
422 4423 757 4494 Massiliae
814 4423 1174 4493 humatum
1226 4434 1326 4492 est
1376 4421 1443 4489 in
1493 4419 1781 4489 ecclesia
1815 4424 2123 4488 Fratrum
2176 4417 2562 4487 Minorum:
2617 4414 2762 4498 ubi,
