3308 5004
178 355 355 422 AUG.
404 355 488 421 ¹¹6
844 372 922 418 nn
968 367 1232 419 masma
1280 370 1601 420 anassem
1647 374 1710 420 n.
1761 374 1830 422 n.
1881 374 1937 422 J.
1988 373 2048 424 c.
2504 358 2634 425 393

180 459 551 528 missurum
581 456 798 538 illam,
822 477 1002 560 quae
1024 458 1503 544 quaerebatur,
1537 458 1919 549 Imaginem
1950 471 2016 530 et
2045 459 2293 534 Christi
2313 461 2714 552 Epistolam.

177 552 552 637 Imperator
578 567 759 628 vero,
793 566 948 635 eJus
979 545 1144 616 boni
1177 544 1521 617 desiderio
1551 546 1938 617 concedens
1967 549 2206 619 omnia
2233 572 2412 637 quae
2443 551 2722 621 fuerant

173 636 543 726 proposita,
580 655 739 706 cum
779 633 1082 705 dedisset
1116 655 1198 704 ea
1234 656 1412 722 quae
1446 636 1880 726 petebantur,
1926 637 2116 708 misit
2148 638 2549 711 Abramium
2584 645 2718 711 Deo

172 724 455 794 charum
492 727 883 794 Samosatae
911 723 1353 815 Episcopum,
1387 723 1509 812 qui
1540 724 1663 796 illo
1691 736 1997 818 tempore
2027 725 2141 797 hic
2171 727 2441 828 agebat,
2482 728 2567 798 ad
2611 727 2722 798 di-

176 813 401 883 vinam
442 813 632 882 illam
684 813 1203 903 suscipiendam
1249 813 1663 905 Imaginem,
1715 826 1782 885 et
1827 814 2077 885 Christi
2125 820 2240 886 Dei
2289 817 2507 888 nostri
2556 819 2721 908 Epi-

179 901 438 971 stolam.
490 901 857 972 Advertens
894 913 1124 971 autem
1164 913 1230 972 et
1259 903 1381 990 qui
1419 903 1609 972 misit
1657 913 1722 973 et
1751 905 1873 992 qui
1906 915 2052 975 erat
2106 903 2448 986 minister,
2505 927 2593 976 ne
2640 907 2713 976 in

177 1012 246 1060 ea
277 990 612 1061 tradenda
641 990 891 1061 callide
922 989 1377 1081 deciperetur,
1431 1003 1498 1062 et
1536 1013 1663 1083 pro
1696 1014 1832 1062 non
1864 992 2210 1085 descripta
2258 1006 2324 1064 et
2359 1016 2539 1073 vera,
2580 1006 2716 1064 tra-

176 1079 446 1150 deretur
471 1102 553 1150 ea
597 1101 776 1168 quae
814 1091 978 1149 tunc
1016 1079 1147 1150 fuit
1193 1079 1538 1172 descripta
1587 1093 1867 1172 propter
1895 1081 2248 1152 Persicum
2284 1104 2551 1165 casum,
2586 1082 2716 1156 has

174 1169 407 1239 ambas
454 1189 613 1239 cum
649 1168 786 1239 alia
823 1189 1001 1257 quae
1031 1168 1419 1239 celebratur
1455 1169 1527 1238 in
1577 1170 1867 1240 ecclesia
1907 1171 2490 1253 Nestorianorum,
2535 1193 2717 1259 quae

171 1257 316 1347 ipsa
341 1279 643 1346 quoque,
694 1269 774 1327 ut
801 1268 904 1328 est
937 1257 1331 1338 verisimile,
1368 1270 1646 1349 sumpta
1679 1258 1903 1330 fuerat
1948 1281 2030 1329 ex
2066 1259 2314 1351 prima,
2364 1260 2715 1349 quaesitas

173 1347 428 1439 accepit
459 1347 545 1416 ad
594 1346 800 1416 fldem
834 1345 1248 1417 faciendam.
1301 1351 1489 1430 Quae
1536 1369 1783 1420 rursus
1831 1360 1995 1418 sunt
2039 1348 2395 1430 redditae,
2452 1353 2715 1420 retenta

172 1434 308 1504 sola
338 1435 714 1526 principali
747 1443 813 1504 et
851 1456 1032 1505 vera.
1072 1435 1199 1505 Sed
1237 1435 1366 1506 hoc
1405 1435 1688 1522 quidem
1731 1449 1992 1529 postea.

250 1526 286 1625 ξ
335 1529 498 1597 28.
551 1529 741 1594 Tunc
789 1536 1019 1593 autem
1073 1524 1500 1596 excitabatur
1556 1547 1854 1616 magnus
1910 1525 2253 1596 tumultus
2300 1548 2340 1597 a
2388 1525 2715 1598 fidelibus

170 1632 285 1698 qut
329 1624 529 1683 erant
576 1612 891 1694 Edessae,
934 1623 1013 1682 ut
1064 1613 1186 1700 qui
1241 1634 1377 1682 non
1428 1613 1734 1684 sinerent
1777 1637 1816 1684 a
1856 1636 1929 1685 se
1967 1613 2188 1686 auferi
2218 1670 2234 1697 ,
2294 1638 2472 1704 quae
2517 1626 2715 1686 erant

170 1701 687 1791 pretiosissima,
719 1713 785 1770 et
819 1701 1343 1793 propugnacula
1380 1702 1557 1793 ejuS,
1601 1724 1782 1791 quae
1820 1703 2011 1795 ipsos
2058 1703 2328 1786 tulerat,
2372 1705 2708 1776 civitatis=

169 1789 373 1860 donec
425 1789 813 1881 praefectus
843 1795 1368 1874 Saracenorum,
1421 1790 1579 1861 aliis
1610 1791 1894 1880 quidem
1943 1794 2321 1883 persuasis,
2359 1792 2517 1863 aliis
2552 1815 2710 1864 vero

169 1879 431 1958 coactis,
476 1878 634 1949 aliis
671 1899 829 1947 vero
875 1879 1081 1948 etiam
1118 1879 1328 1948 minis
1377 1880 1618 1951 mortis
1647 1881 1923 1964 territiS,
1969 1881 2213 1963 effecit,
2258 1893 2335 1952 ut
2371 1902 2452 1952 ea
2483 1881 2711 1953 trade—

167 1979 363 2039 retur.
394 1973 569 2039 Cum
603 1980 832 2037 autem
868 1967 1171 2060 tonitrua
1203 1979 1270 2037 et
1297 1966 1577 2058 fulgura
1616 1992 1776 2040 cum
1814 1969 2047 2060 pluvia
2078 1969 2706 2048 vehementissima.

171 2055 393 2127 divina
453 2056 885 2148 providentia
932 2055 1162 2127 subito
1217 2057 1653 2147 erupissent,
1708 2058 1876 2128 dum
1919 2058 2176 2130 Edessa
2221 2071 2400 2130 esset
2445 2061 2713 2131 exitura

168 2147 413 2237 Imago,
457 2158 523 2216 ct
555 2144 805 2216 Christi
844 2145 1170 2304 Essismm’
1209 2168 1456 2216 rursus
1507 2147 1961 2218 movebantur
1993 2148 2043 2218 ii
2088 2148 2210 2236 qui
2257 2170 2335 2217 ea
2369 2148 2563 2240 prius
2598 2170 2709 2218 re-

170 2233 492 2318 tinebant,
537 2246 601 2304 et
631 2233 898 2304 affirma
953 2246 1071 2305 ant
1105 2238 1314 2305 Deum
1351 2235 1436 2307 iis
1481 2257 1661 2323 quae
1707 2236 1966 2306 flebant
2013 2236 2431 2327 significare,
2471 2237 2707 2308 divina

170 2321 509 2393 voluntate
558 2345 693 2393 non
746 2323 899 2393 fleri
948 2343 1176 2393 rerum
1231 2324 1830 2395 sanctissimarum
1873 2346 1954 2394 ex
2003 2346 2084 2395 eo
2132 2325 2280 2396 loco
2317 2325 2710 2395 translatio-

172 2429 337 2481 nem.
369 2411 503 2484 Sed
537 2434 696 2482 cum
738 2410 1121 2504 praefectus
1154 2416 1675 2494 Saracenorum,
1716 2434 1927 2506 penes
1954 2435 2158 2502 quem
2210 2425 2357 2484 erat
2385 2415 2708 2487 universa

169 2512 489 2588 potestas,
552 2513 875 2572 statueret
928 2500 1251 2573 standum
1302 2524 1452 2574 esse
1507 2502 1861 2574 conventis
1891 2558 1906 2584 ,
1959 2515 2025 2573 et
2071 2501 2506 2594 implendum
2559 2525 2708 2574 esse

171 2591 611 2677 promissum,
665 2591 1019 2682 egreditur
1048 2613 1084 2659 e
1122 2591 1393 2661 civitate
1424 2591 1687 2683 effigies
1720 2592 2242 2682 pretiosissima,
2295 2603 2361 2662 et
2412 2591 2704 2682 epistola

172 2698 205 2744 a
233 2679 357 2750 Deo
389 2680 529 2751 scri
585 2692 675 2761 ta,
708 2691 775 2749 et
813 2680 950 2751 huc
998 2679 1435 2751 afferebatur.
1579 2688 1584 2692 ’

244 2769 281 2855 ξ
323 2773 475 2843 24.
583 2778 609 2838 t
654 2769 835 2838 viam
884 2768 1165 2857 quidem
1216 2769 1660 2841 conficientes
1699 2769 1749 2839 ii
1796 2768 1918 2858 qui
1958 2790 2038 2839 ea
2086 2768 2416 2849 ferebant,
2474 2790 2708 2859 perve-

170 2867 398 2927 nerant
443 2857 537 2927 ad
584 2857 1001 2948 Euphratem
1039 2880 1054 2924 :
1105 2868 1172 2927 et
1220 2879 1464 2928 rursus
1497 2857 1841 2929 tumultus
1878 2858 2234 2939 excitatur,
2279 2857 2469 2927 nullo
2517 2857 2705 2948 prio-

170 2962 309 3014 rum
354 2947 608 3029 minor,
671 2946 1035 3017 Edessenis
1082 2945 1499 3028 dicentibus,
1551 2946 1737 3034 quod
1779 2947 1916 3017 nisi
1960 2945 2295 3016 divinitus
2342 2956 2697 3017 ostensum

169 3029 357 3103 fuerit
395 3035 680 3127 signum
717 3035 1022 3122 aliquod,
1076 3034 1271 3105 nullo
1309 3034 1516 3105 modo
1566 3035 1914 3106 dimittent
1960 3034 2029 3104 id
2057 3091 2074 3117 ,
2126 3057 2264 3123 quo
2312 3036 2705 3106 continetur

170 3139 388 3193 eorum
423 3124 785 3194 securitas,
832 3128 1043 3194 Datur
1072 3144 1235 3215 ergo
1282 3125 1381 3195 eis
1429 3125 1736 3215 signum,
1773 3147 1931 3195 cum
1968 3137 2198 3195 essent
2243 3123 2584 3207 infideles,
2635 3135 2703 3195 et

171 3218 514 3283 tentarent.
568 3214 770 3283 Navis
817 3214 1029 3294 enim,
1074 3234 1234 3282 cum
1267 3235 1404 3300 qua
1443 3225 1588 3283 erat
1632 3214 1734 3283 eis
1772 3212 2200 3305 propositum
2239 3215 2703 3286 transmittere

171 3298 599 3400 Euphratem,
642 3323 802 3372 cum
852 3302 1081 3372 adhuc
1128 3315 1306 3373 esset
1353 3302 1423 3370 in
1460 3313 1660 3404 portu
1694 3303 1763 3372 in
1799 3302 2114 3405 partibus
2145 3304 2693 3394 Mesopotamiae,

171 3385 278 3456 ubi
321 3411 470 3460 eam
523 3389 750 3461 solum
800 3391 1093 3483 ingressi
1142 3402 1307 3461 sunt
1355 3392 1700 3482 Episcopi,
1752 3391 2056 3461 divinam
2102 3392 2484 3482 Imaginem
2534 3393 2702 3462 affe-

171 3488 376 3548 rentes
422 3492 488 3549 et
526 3479 925 3569 Epistolam,
963 3502 1121 3550 cum
1167 3480 1475 3550 seditiosi
1510 3491 1909 3570 tempestate
1941 3479 2173 3550 adhuc
2207 3482 2692 3565 retinerentur,

173 3579 428 3654 repente
476 3567 627 3638 sine
676 3568 1079 3660 remigibuS,
1120 3568 1268 3638 sine
1295 3590 1398 3648 eo,
1436 3569 1560 3656 qui
1589 3568 2005 3659 gubernaret
2036 3580 2156 3639 aut
2190 3569 2519 3651 traheret,
2573 3592 2699 3661 ap-

215 3652 332 3724 ulit
375 3656 447 3725 in
483 3669 760 3738 terram,
797 3678 975 3744 quae
1006 3669 1151 3726 erat
1190 3678 1268 3726 ex
1316 3656 1625 3738 adverso,
1680 3658 2061 3747 gubernata
2110 3656 2256 3727 sola
2294 3657 2530 3727 divina
2577 3680 2698 3729 vo-

195 3755 436 3814 untate.
491 3745 685 3830 Quod
718 3746 1001 3834 quidem
1050 3767 1313 3826 omnes,
1365 3746 1489 3834 qui
1536 3757 2019 3827 convenerant,
2073 3758 2355 3837 stupore
2388 3745 2698 3836 implevit

170 3831 713 3930 etadmiratione,
743 3846 809 3904 et
842 3835 1207 3925 persuasit,
1242 3847 1318 3905 ut
1351 3856 1486 3904 non
1516 3834 1713 3903 inviti
1744 3834 2197 3904 concederent
2221 3834 2690 3905 emissionem.

171 3916 329 3990 Hunc
366 3923 775 4012 perveniunt
806 3926 1160 3994 Samosata
1193 3924 1488 3993 ministri
1524 3944 1790 4005 eorum,
1821 3943 1998 4010 quae
2030 3921 2453 3993 ferebantur.
2485 3927 2694 3992 Erant

171 4017 380 4079 autem
407 4017 918 4082 Samosatorum
955 4024 1019 4081 et
1044 4011 1336 4082 Edessae
1360 4011 1690 4093 Pontifex,
1726 4023 1792 4081 et
1813 4012 1969 4101 ejus
2001 4012 2271 4102 primus
2307 4011 2691 4102 presbyter,

170 4096 379 4193 ‘Ram
431 4101 716 4189 quidam
767 4100 1068 4191 religiosi
1124 4100 1537 4180 Christiani,
1580 4123 1743 4172 cum
1797 4100 2056 4189 quibus
2114 4122 2256 4169 una
2300 4111 2446 4169 erat
2484 4100 2692 4170 etiam

172 4184 465 4258 minister
511 4193 810 4271 Amerae,
895 4190 969 4259 ui
1017 4194 1303 4259 Romam
1356 4192 1842 4261 revertebatur.
1894 4188 2020 4259 Hic
2056 4210 2215 4259 cum
2251 4187 2512 4275 aliquot
2545 4187 2695 4257 dies

174 4286 382 4344 essent
418 4279 687 4359 morati,
741 4279 981 4350 mutis
1029 4277 1172 4348 illic
1221 4276 1417 4347 factis
1467 4278 1860 4359 miraculiS‚
1917 4299 2163 4348 rursus
2208 4277 2339 4347 iter
2370 4288 2534 4347 sunt
2581 4277 2692 4346 in-

220 4362 395 4431 ressi.
445 4372 524 4437 Et
570 4389 814 4438 rursus
862 4368 933 4438 in
984 4368 1093 4438 via
1129 4366 1668 4436 innumerabilia
1717 4367 1974 4438 fiebant
2022 4365 2359 4436 miracula
2406 4388 2445 4435 a
2494 4387 2694 4436 sacra

212 4452 462 4540 magine
485 4468 551 4527 et
575 4456 823 4528 Christi
853 4456 1180 4549 Epistola.
1208 4455 1398 4527 Caeci
1423 4456 1633 4557 enim,
1661 4456 1837 4526 exim
1847 4455 2163 4548 provviso
2187 4455 2688 4548 adspiciebant:
