3308 5004
737 316 867 384 626
1332 335 1410 382 m:
1457 335 1514 381 s.
1566 333 1878 384 Lunovico
1923 335 2086 384 axes
2131 335 2511 385 raucorum
2868 317 3073 383 Ano.
3123 319 3224 384 25
3283 335 3284 340 ¹

644 417 955 511 proximo
992 416 1143 489 dira
1191 420 1407 489 sames
1453 419 1696 490 afflixit
1741 418 2476 512 Gallias,„praesertim
2532 420 2600 489 in
2652 420 3059 508 Aquitania,
3117 420 3220 491 ita

640 520 720 579 ut
766 508 1082 578 homines
1138 508 1355 577 instar
1409 507 1929 595 jumentorum,
1985 510 2218 580 herbis
2277 509 2667 601 agrestibus
2724 523 3214 580 vescerentur.

641 602 808 669 Nam
858 595 1185 667 frumenti
1247 596 1583 667 sextarius
1628 597 1814 688 apud
1857 599 2166 669 Pictavos
2222 613 2500 669 centum
2551 596 2794 668 solidis
2842 599 3217 669 veniebat.

642 685 961 774 Sequenti
1012 706 1196 754 anno
1243 684 1603 756 Arsacidas
1651 686 1883 758 senior
1927 688 2443 758 Assassinorum
2477 686 2605 776 (a).
2660 686 2852 756 misit
2895 687 3219 758 nuncios

639 775 712 845 in
760 772 1142 855 Franciam,
1192 773 1452 861 quibus
1500 773 1568 843 id
1613 775 1921 863 mandati
1971 775 2276 857 dederat,
2329 788 2406 846 ut
2453 782 2702 866 Regem
2753 775 3214 846 Ludovicum

637 863 1122 933 interficerent.
1177 861 1304 933 Sed
1358 869 1489 933 Deo
1535 864 1850 933 animum
1919 864 2072 954 ejus
2119 864 2204 935 ad
2256 886 2494 955 pacem
2557 874 2622 933 et
2682 861 3214 935 humanitatem

638 951 1044 1032 inclinante,
1095 950 1399 1022 crudelis
1448 952 1755 1022 mandati
1805 952 2225 1042 poenitentia
2270 953 2561 1032 ductus,
2616 952 2806 1022 misit
2853 951 3054 1024 alios
3105 975 3214 1023 ee·

639 1040 816 1112 leres
858 1040 1180 1121 nuncios,
1232 1041 1355 1128 qui
1403 1040 1823 1111 Ludovicum
1876 1046 2129 1131 Regem
2179 1042 2675 1121 admonerent,
2726 1053 2804 1110 ut
2852 1063 2898 1110 a
2950 1043 3212 1132 primis

641 1130 885 1221 legatis
931 1129 1064 1199 sibi
1113 1142 1367 1200 caveat.
1421 1131 1587 1199 Cum
1637 1144 1866 1199 autem
1911 1132 2174 1219 priores
2221 1130 2488 1211 nuncii,
2541 1129 2918 1219 diligenter
2971 1132 3211 1219 inqui·

641 1231 977 1296 rerentur,
1017 1218 1295 1300 inventi,
1346 1218 1430 1287 ad
1476 1223 1724 1309 Regem
1763 1218 2182 1289 Ludovicum
2217 1219 2501 1289 adducti
2532 1233 2716 1288 sunt.
2757 1218 2861 1288 Iis
2898 1241 3207 1311 conspe-

641 1308 796 1388 ctis,
850 1312 987 1377 Rex
1034 1306 1348 1389 laetatuS,
1385 1319 1715 1394 utrosque
1768 1308 2062 1378 nuncios
2108 1309 2520 1392 muneribus
2558 1306 2792 1388 afficit,
2850 1309 3041 1399 Regi
3095 1317 3207 1379 Ar·

643 1395 916 1466 sacidae
946 1417 1079 1465 non
1123 1418 1342 1485 pauca
1377 1396 1613 1487 magni
1667 1395 1860 1485 pretii
1913 1419 2227 1476 munera,
2279 1396 2538 1484 quibus
2588 1396 2779 1486 pacis
2826 1409 2900 1465 et
2953 1399 3204 1468 amici·

645 1485 776 1554 tiae
823 1484 1208 1555 studiosum
1279 1506 1352 1554 se
1407 1483 1832 1565 declararet,
1893 1507 2012 1575 per
2071 1485 2229 1555 illos
2294 1484 2713 1555 transmittit.
2788 1485 2927 1554 Sed
2988 1488 3088 1557 ab
3131 1507 3200 1556 eo

643 1586 944 1663 tempore
980 1572 1212 1663 plures
1238 1582 1363 1644 suo
1384 1574 1656 1663 corpori
1692 1574 1945 1644 tuendo
1976 1574 2298 1645 custodes
2321 1573 2662 1653 adhibuit,
2693 1575 2817 1660 qui
2858 1589 3197 1666 perpetuo

639 1661 867 1732 clavas
898 1684 1133 1732 aereas
1164 1660 1439 1731 ferrent.

726 1753 763 1837 ξ
810 1755 895 1824 4.
949 1756 1139 1819 Anno
1188 1750 1555 1820 millesimo
1602 1750 2077 1821 ducentesimo
2123 1751 3015 1841 quadragesimosecundo,
3072 1758 3193 1822 Lu·

638 1838 925 1908 dovicus
974 1844 1112 1908 Rex
1175 1838 1371 1909 duxit
1432 1840 1804 1909 exercitum
1858 1841 1923 1909 in
1977 1846 2334 1931 Hugonem
2401 1839 2740 1909 Marchiae
2802 1841 3183 1918 Comitem,

637 1927 822 2013 quod
870 1928 930 1996 is
976 1927 1306 1997 adversus
1367 1932 1616 2017 Regem
1669 1928 2109 2002 rebellasset.
2178 1929 2455 1999 Henrici
2522 1934 2614 1997 An
2672 1927 2807 1997 liae
2861 1930 3081 2020 Regis
3131 1945 3187 1998 et

639 2015 965 2084 Richardi
1012 2015 1240 2085 fratris
1284 2014 1434 2106 ejus
1481 2014 1758 2086 auxiliis
1805 2017 2068 2089 fultus:
2119 2018 2240 2104 qui
2289 2017 2492 2087 ambo
2552 2017 2640 2085 ha
2689 2017 2912 2086 ebant
2948 2040 3182 2088 uxores

635 2103 821 2175 filias
868 2104 1144 2174 Comitis
1191 2104 1607 2186 Provinciae,
1664 2127 1944 2184 sorores,
1980 2108 2277 2198 Reginae
2333 2106 2700 2175 Franciae:
2757 2110 2940 2175 Cum
2995 2111 3178 2205 Hugo

637 2197 874 2262 Comes
918 2215 1195 2263 uxorem
1249 2193 1525 2263 haberet
1572 2194 1795 2284 ipsius
1841 2195 2121 2285 Angliae
2169 2196 2373 2284 Regis
2424 2206 2738 2263 matrem.
2778 2199 2984 2264 Anno
3033 2218 3169 2283 qui-

635 2284 789 2351 dem
824 2282 1162 2372 superiori
1190 2282 1573 2353 Ludovicus
1605 2282 1893 2354 multam
1930 2285 2122 2374 regni
2148 2285 2256 2353 sui
2287 2282 2600 2353 militiam
2631 2281 2716 2351 ad
2756 2282 3164 2353 Saliminum

635 2391 1043 2452 convocanS,
1094 2370 1518 2461 Alphonsum
1570 2371 1846 2441 fratrem
1895 2372 2040 2442 illic
2090 2373 2376 2442 militem
2406 2383 2780 2452 creaverat,
2826 2372 2941 2439 cui
2974 2385 3169 2440 antea

632 2465 998 2540 Ioannem,
1055 2460 1268 2529 filiam
1320 2461 1632 2531 Tolosani
1685 2461 1988 2543 Comitis,
2044 2482 2322 2532 uxorem
2376 2459 2679 2540 dederat,
2723 2481 2874 2530 cum
2926 2463 3172 2529 Arver-

637 2550 812 2629 niae,
865 2550 1289 2619 Pictavorum
1331 2563 1398 2618 et
1441 2549 1911 2640 Albigensium
1963 2551 2159 2620 terris
2206 2549 2649 2638 quibusdam.
2687 2547 2902 2618 Voluit
2927 2560 3166 2617 autem

634 2643 770 2708 Rex
809 2694 823 2717 ,
889 2651 966 2708 ut
1010 2642 1209 2728 Hugo
1258 2639 1595 2707 Marchiae
1663 2643 1898 2707 Comes
1943 2639 2013 2708 ΑΙ
2071 2637 2287 2710 honso
2335 2660 2407 2707 se
2453 2650 2884 2707 sacramento
2928 2636 3173 2706 devin-

629 2730 835 2797 ciret:
888 2727 1070 2814 quod
1120 2749 1279 2796 cum
1329 2726 1445 2795 ille
1492 2727 1939 2808 detrectaret,
1993 2751 2029 2797 a
2128 2749 2337 2797 uxore
2384 2748 2786 2818 persuasus,
2843 2726 3052 2817 Regis
3097 2727 3166 2793 in

629 2837 701 2884 se
740 2815 1008 2884 animos
1027 2815 1428 2895 concitavit,
1482 2815 1651 2885 adeo
1699 2827 1776 2885 ut
1820 2817 1880 2885 is
1928 2838 2110 2886 anno
2144 2816 2353 2886 altero
2387 2838 2547 2885 cum
2593 2815 3160 2886 numerosissimo

630 2905 929 2973 exercitu
981 2906 1048 2972 in
1100 2905 1249 2992 eJus
1298 2905 1624 2973 ditionem
1679 2905 2031 2995 ingressus
2062 2961 2079 2987 ,
2132 2906 2395 2993 aliquot
2441 2917 2666 2974 castra
2711 2916 3160 3003 expugnaret,

628 3005 691 3060 et
730 2991 996 3061 nobiles
1033 2993 1336 3093 amplius
1382 2993 1842 3083 quadraginta
1891 3009 2150 3085 captos,
2204 3016 2362 3062 cum
2417 2992 2656 3063 multis
2703 2991 2866 3061 aliis
2922 2992 3164 3082 partim

627 3081 944 3161 Parisios,
990 3095 1239 3171 partim
1294 3081 1430 3150 alio
1479 3082 1816 3162 mitteret,
1879 3083 1947 3151 in
2004 3083 2318 3153 custodia
2366 3079 2847 3153 asservandos.
2906 3087 3170 3152 Interea

624 3191 784 3238 vero
833 3170 1109 3239 Comitis
1157 3171 1496 3239 Marchiae
1530 3193 1724 3252 uxor,
1761 3170 2100 3258 quosdam
2132 3195 2168 3241 e
2208 3171 2380 3251 suiS,
2435 3170 2848 3240 muneribus
2898 3184 2969 3240 et
3011 3192 3175 3261 pro-

628 3257 859 3328 missis
907 3257 1216 3344 illectOS,
1270 3260 1353 3329 ad
1407 3260 1610 3346 Regis
1660 3260 1984 3330 Ludovici
2042 3258 2275 3330 aulam
2325 3259 2558 3339 misit,
2617 3259 2739 3347 qui
2800 3264 3060 3350 Regem
3109 3272 3174 3330 et

624 3345 867 3416 fratres
912 3346 1066 3435 ejus
1112 3369 1371 3417 veneno
1440 3346 1750 3417 tollerent
1809 3371 1845 3417 e
1894 3348 2145 3419 medio.
2200 3348 2325 3418 Sed
2377 3347 2478 3416 illi
2525 3369 2565 3416 a
2615 3354 2802 3437 Rege
2848 3370 3174 3450 compre-

625 3433 848 3516 hensi,
878 3435 947 3503 in
978 3457 1316 3505 carcerem
1361 3437 1640 3506 abducti
1674 3450 1858 3507 sunt.
1888 3439 2345 3507 Commissum
2376 3436 2650 3506 tandem
2681 3449 2785 3506 est
2818 3438 3174 3526 praelium

626 3544 761 3594 non
819 3525 967 3594 sine
1028 3524 1239 3595 multa
1302 3537 1526 3616 strage
1563 3525 1961 3682 Anglorum
2015 3527 2135 3614 qui
2184 3526 2455 3616 Hugoni
2509 3525 2751 3595 Comiti
2803 3526 3172 3617 suppetias

621 3611 949 3683 ferebant.
1004 3618 1205 3683 Nocte
1255 3628 1480 3684 autem
1519 3617 1667 3705 Ang
1699 3616 1800 3683 iae
1849 3636 1962 3683 rex
2013 3636 2172 3684 cum
2227 3620 2337 3685 Hu
2387 3635 2516 3685 one
2565 3613 2849 3695 comite,
2909 3616 3172 3693 relictis

623 3702 1064 3781 Santonibus,
1119 3724 1255 3790 quo
1300 3724 1378 3772 ex
1427 3702 1499 3771 su
1551 3726 1589 3771 a
1639 3725 1709 3773 se
1760 3716 2178 3794 receperant,
2230 3727 2322 3773 au
2401 3705 2583 3795 gere,
2636 3703 2970 3791 civesque
3015 3706 3176 3794 ejus

618 3792 814 3861 urbis
875 3812 1075 3861 mane
1126 3791 1349 3862 claves
1398 3797 1494 3860 Lu
1547 3792 1737 3861 ovico
1797 3792 1961 3882 Regi
2011 3792 2429 3863 obtulerunt.
2484 3791 2736 3861 Eodem
2797 3791 2916 3863 die
2965 3798 3171 3887 Hugo

668 3967 732 4019 (α)
761 3969 985 4014 ΔεεΑειΜ,
1014 3968 1205 4009 Graecis
1234 3968 1469 4013 chamos.
1488 3966 1671 4009 Latinis
1693 3966 1832 4008 etiam
1857 3970 2062 4019 ,umine
2083 3970 2266 4016 Aam'dei,
2284 3970 2445 4014 Aedui.
2462 3970 2660 4018 Anxani,
2681 3970 2939 4009 Arusace
2959 3973 3011 4013 et
3029 3968 3172 4013 Heb-

614 4017 716 4067 εἰπέ,
744 4020 955 4061 derivato
984 4022 1183 4062 fortasse
1210 4023 1439 4061 vocabulo
1468 4032 1522 4061 ex
1553 4022 1749 4061 Arabico
1777 4023 2088 4062 Harsa-Sanam
2106 4023 2261 4069 (homo
2282 4022 2519 4066 nefarius),
2539 4021 2775 4062 Sarmens
2795 4033 2917 4072 gens
2939 4025 3052 4071 mit.
3071 4024 3168 4067 ubo

614 4074 952 4115 Saracenorum
981 4077 1109 4115 secto
1136 4086 1222 4116 nec
1251 4076 1489 4115 Christum
1518 4074 1771 4115 admittens
1799 4085 1887 4114 nec
1919 4075 2109 4117 omnino
2141 4087 2249 4117 cum
2278 4076 2539 4116 mahometo
2567 4073 2807 4118 sentiens:
2829 4076 2916 4126 qui
2940 4078 3174 4131 origi*

611 4128 847 4168 duxerunt
879 4138 934 4168 ex
962 4127 1163 4169 subditis
1191 4130 1438 4178 cujusdam
1455 4126 1642 4168 barbari
1662 4127 1888 4177 principis
1907 4128 2115 4170 Persidis
2136 4139 2320 4170 summa
2338 4125 2624 4177 occupantia.
2651 4139 2800 4179 quem
2832 4129 3035 4174 arabio-
3061 4140 3172 4173 veut

615 4179 662 4220 in
681 4179 881 4221 Latinum
898 4191 1038 4222 versa
1056 4185 1202 4222 Senem
1221 4192 1305 4223 seu
1330 4182 1525 4221 Voculam
1545 4184 1705 4221 Montis
1723 4183 2035 4230 appellabant,
2052 4184 2177 4223 unde
2196 4184 2382 4223 celeber
2399 4183 2549 4227 Italis.
2567 4184 2627 4223 ad
2645 4182 2850 4223 terrori·
2867 4187 3170 4232 symm:

612 4236 644 4273 il
671 4236 833 4274 vecchio
858 4236 973 4273 aella
1000 4242 1246 4286 manaym.
1278 4236 1429 4275 Varus
1457 4234 1507 4277 in
1536 4237 1742 4277 Ortentts
1773 4238 1820 4274 et
1839 4235 2022 4277 Africae
2042 4234 2172 4281 locis.
2191 4239 2238 4277 et
2256 4239 2394 4277 nobis
2413 4236 2729 4285 proximiores
2750 4236 2930 4289 rapot,-
2951 4240 3016 4282 ια
3030 4236 3172 4283 nfi-

611 4288 895 4333 terraneum,
924 4290 1190 4329 constitere.
1221 4290 1323 4329 Orti
1351 4290 1474 4329 eirca
1495 4299 1606 4335 mxc,
1625 4288 1818 4329 extincti
1837 4300 1920 4338 per
1947 4291 2166 4329 Tartaron
2193 4292 2307 4330 sunt
2335 4300 2457 4330 anno
2479 4298 2681 4330 saecun.
2707 4291 2891 4340 Regum
2915 4302 2953 4342 p

617 4338 840 4381 sitiebant
868 4339 1157 4390 sanguinem.
1186 4345 1253 4382 Ex
1280 4343 1467 4383 nomine
1497 4341 1767 4392 hujusmodi
1799 4341 2075 4384 sicariorum
2109 4354 2277 4385 manus
2310 4345 2541 4384 Ascanio&
2563 4344 2698 4391 apud
2724 4344 2875 4385 Iulos
2909 4345 3038 4388 diesi
3059 4348 3168 4389 a*

615 4395 795 4485 ⁰¹²3OEss
825 4395 1045 4485 lgtropes,
1074 4402 1361 4449 grassatores
1390 4398 1588 4442 viarum,
1617 4408 1668 4436 ac
1699 4398 1930 4438 satellites
1962 4398 2016 4436 ad
2049 4396 2336 4437 inferendam
2369 4394 2508 4437 alicui
2530 4406 2616 4446 per
2634 4394 2838 4441 insidias
2855 4407 3165 4442 neec-mu

615 4455 666 4485 cc
700 4457 830 4486 econ
866 4456 923 4485 uc
970 4473 980 4485 .
