3308 5004
204 367 353 434 AUG.
402 369 441 432 5
897 386 977 432 m:
1024 383 1077 431 5.
1134 381 1443 433 oswALno
1491 384 1763 433 Anauon.
1815 386 1977 434 111100
2495 375 2621 440 179

200 466 298 536 illo
326 465 461 536 loco
509 475 913 555 assumptus
956 475 1102 534 erat
1150 463 1403 555 pulvis,
1457 464 1579 534 ubi
1630 470 1725 537 Re
1782 464 1836 536 ‘s
1884 467 2176 538 Oswaldi
2228 471 2518 561 sanguis
2564 487 2707 542 erat

194 556 443 626 effusus.
495 554 763 636 Quibus
797 553 1150 643 patefactis
1200 576 1278 623 ac
1326 553 1703 625 diffamatis
1779 576 1954 646 onge
2005 556 2271 646 lateque
2320 561 2700 637 miraculis,

193 643 361 714 multi
400 642 629 713 locum
679 642 1111 730 frequentare
1150 642 1378 724 illum,
1431 655 1496 713 et
1542 643 1918 714 sanitatum
1968 645 2067 716 ibi
2114 647 2408 738 gratiam
2459 672 2705 740 capere.

190 733 301 803 sibi
344 732 623 819 suisque
669 744 1065 822 coeperunt.

259 824 291 908 ξ
331 825 459 894 1¹2.
515 825 699 890 Inter
721 841 899 908 quae
926 841 1363 908 nequaquam
1401 819 1675 891 silentio
1716 820 2295 912 praetereundum
2326 847 2500 907 reor,
2530 828 2699 914 quid

191 910 427 980 virtutis
444 932 525 980 ac
553 909 873 980 miraculi
895 909 1208 980 coelestis
1233 909 1441 979 suerit
1462 921 1842 992 ostensum,
1864 933 2026 980 cum
2048 933 2204 983 ossa
2224 913 2380 1001 ejus
2401 914 2698 995 inventa,

188 1011 357 1086 atque
375 999 462 1069 ad
497 997 880 1080 ecclesiam,
911 999 981 1068 in
1018 1020 1155 1086 qua
1190 1020 1373 1068 nunc
1398 1010 1794 1081 servantur,
1838 999 2165 1070 translata
2193 1014 2380 1071 sunt.
2420 1007 2697 1074 Factum

190 1102 266 1157 est
306 1100 531 1158 autem
584 1088 712 1157 hoc
764 1108 884 1179 per
915 1087 1329 1157 industriam
1365 1088 1667 1178 Reginae
1716 1088 2121 1158 Merciorum
2165 1089 2484 1172 Offridae,
2574 1116 2702 1162 uae

186 1190 303 1246 erat
330 1177 473 1246 filia
512 1175 742 1246 fratris
781 1176 931 1267 ejus
979 1176 1252 1256 Oswini,
1288 1178 1410 1264 qui
1444 1187 1595 1267 post
1625 1174 1826 1246 illum
1865 1178 2058 1267 regni
2098 1179 2364 1268 apicem
2399 1192 2552 1249 tene
2605 1196 2694 1259 at,

184 1266 339 1334 utin
374 1265 825 1354 sequentibus
864 1264 1200 1335 dicemus.
1248 1270 1362 1334 Est
1411 1265 1910 1336 monasterium
1954 1265 2184 1336 nobile
2225 1267 2292 1336 in
2344 1269 2695 1359 provincia

185 1353 483 1436 Lindissi,
536 1353 814 1424 nomine
854 1354 1204 1424 Beardana
1228 1355 1285 1436 ²⁴,
1322 1354 1505 1442 quod
1559 1354 1800 1423 eadem
1858 1359 1953 1424 Re
2002 1355 2120 1424 ina
2165 1377 2329 1426 cum
2382 1357 2526 1427 viro
2575 1381 2701 1427 suo

184 1442 473 1514 Adilredo
523 1442 814 1513 multum
868 1443 1220 1535 diligebat,
1278 1443 1756 1525 venerabatur,
1795 1378 2189 1514 excolebat:
2245 1445 2313 1513 in
2348 1466 2485 1532 quo
2515 1447 2699 1516 desi-

182 1530 438 1602 derabat
486 1531 891 1602 honoranda
940 1532 1168 1622 patrui
1217 1532 1325 1601 sui
1384 1554 1537 1602 ossa
1594 1531 1985 1601 recondere.
2048 1537 2354 1620 Cumque
2403 1536 2700 1605 venisset

178 1642 452 1703 carrum,
508 1622 577 1690 in
627 1635 764 1709 qu·o
810 1621 1047 1690 eadem
1098 1642 1273 1696 0550,
1294 1620 1751 1700 ducebantur,
1800 1621 2245 1692 incumbente
2279 1627 2583 1714 vespera,
2627 1627 2693 1694 in

182 1709 653 1781 monasterium
706 1709 1085 1800 praefatum
1132 1708 1502 1779 noluerunt
1540 1731 1664 1791 ea,
1717 1710 1836 1797 qui
1889 1723 2084 1780 erant
2131 1711 2200 1779 in
2254 1715 2692 1791 monasterio,

182 1795 451 1869 libenter
495 1798 849 1889 excipere:
901 1799 1068 1885 quia
1112 1798 1235 1869 etsi
1288 1810 1604 1868 sanctum
1656 1820 1815 1869 eum
1870 1812 2220 1881 noverant,
2269 1811 2498 1870 tamen
2533 1804 2695 1889 quia

174 1884 243 1954 de
270 1887 395 1958 alia
445 1887 797 1977 provincia
845 1901 1035 1957 ortus
1083 1885 1303 1956 fuerat
1332 1941 1353 1967 ,
1409 1898 1475 1956 et
1522 1909 1732 1977 super
1779 1908 1894 1957 eos
1946 1909 2234 1978 regnum
2286 1910 2446 1958 acce
2499 1904 2690 1968 erat,

174 1976 487 2046 veteranis
533 1999 691 2046 eum
740 1976 918 2047 odiis
950 1977 1155 2045 etiam
1191 1989 1542 2045 mortuum
1579 1976 2144 2062 insequebantur.
2200 1977 2393 2046 Unde
2461 1991 2689 2049 actum

172 2075 275 2146 est,
326 2081 398 2136 ut
432 2065 588 2156 ipsa
635 2076 832 2136 nocte
878 2064 1210 2152 reliquiae
1255 2065 1547 2145 allatae,
1601 2063 1768 2134 foris
1818 2077 2346 2158 permanerent,
2404 2068 2695 2138 tentorio

171 2163 370 2223 tamen
425 2154 691 2242 majore
738 2176 951 2244 supra
998 2176 1300 2236 carrum,
1335 2175 1473 2241 quo
1505 2154 1798 2234 inerant,
1833 2165 2133 2224 extenso,
2188 2154 2316 2223 Sed
2369 2157 2691 2226 miraculi

169 2241 458 2313 coelestis
506 2242 827 2324 ostensi0‚
866 2264 1076 2330 quam
1122 2255 1507 2312 reverenter
1533 2264 1612 2311 ea
1662 2242 2106 2333 suscipienda
2138 2266 2179 2312 a
2208 2245 2481 2316 cunctis
2521 2245 2694 2315 fide-

168 2326 329 2400 libus
375 2343 654 2413 essent,
711 2331 1046 2422 patefecit.
1100 2337 1266 2403 Nam
1319 2343 1455 2401 tota
1506 2342 1701 2401 nocte
1749 2331 2071 2401 columna
2130 2330 2338 2413 luciS,
2400 2355 2440 2400 a
2494 2357 2691 2403 carro

168 2415 267 2486 illo
311 2420 391 2489 ad
447 2420 717 2490 coelum
771 2442 990 2509 usque
1038 2431 1369 2511 porrecta,
1409 2420 1737 2489 omnibus
1773 2441 1945 2511 pene
1982 2419 2292 2507 ejusdem
2333 2420 2689 2491 Lindissae

166 2509 542 2593 provinciae
580 2509 748 2580 locis
796 2509 1173 2600 conspicua
1221 2509 1464 2578 stabat.
1520 2509 1714 2579 Unde
1776 2530 1976 2577 mane
2023 2510 2200 2579 sacto
2250 2509 2494 2579 fratres
2548 2533 2689 2580 mo-

167 2600 425 2667 nasterii
479 2597 693 2680 illius,
746 2598 868 2687 qui
919 2598 1140 2688 pridie
1186 2598 1609 2679 abnuerant,
1664 2598 2031 2687 diligenter
2079 2598 2214 2689 ipsi
2264 2594 2493 2698 pet'ere
2540 2621 2690 2669 coe-

162 2701 414 2771 perunt,
455 2702 534 2757 ut
580 2687 764 2778 apud
816 2708 888 2757 se
935 2686 1208 2756 eaedem
1247 2700 1523 2756 sanctae
1569 2709 1649 2756 ac
1685 2692 1817 2756 Deo
1846 2686 2134 2756 dilectae
2166 2686 2497 2774 reliquiae
2528 2710 2691 2757 con-

163 2770 495 2846 derentur.
549 2776 710 2846 Tota
758 2776 969 2867 igitur
1013 2797 1170 2845 ossa
1230 2775 1614 2846 intulerunt
1674 2776 1743 2844 in
1803 2774 2068 2845 thecam
2103 2829 2120 2853 ,
2173 2797 2382 2861 quam
2435 2777 2506 2844 in
2558 2776 2687 2846 hoc

160 2877 756 2954 praeparaverant,
810 2878 1010 2953 atque
1058 2864 1127 2933 in
1177 2863 1467 2934 ecclesia
1498 2864 1696 2953 juxta
1745 2864 2075 2934 honorem
2126 2885 2511 2954 congruum
2566 2887 2689 2956 po-

159 2968 452 3024 suerunt.
531 2959 609 3024 Et
673 2967 748 3023 ut
818 2953 1003 3043 regia
1074 2952 1203 3021 viri
1269 2954 1485 3023 sancti
1562 2974 1855 3043 persona
1930 2953 2334 3022 memoriam
2409 2953 2690 3024 haberet

158 3051 515 3125 aeternam,
569 3041 892 3112 vexillum
941 3043 1091 3133 ejus
1138 3064 1349 3131 super
1397 3043 1710 3111 tumbam
1743 3064 1821 3111 ex
1855 3064 2025 3111 auro
2058 3054 2123 3112 et
2158 3063 2472 3132 purpura
2501 3065 2691 3113 com-

162 3131 441 3213 positum
497 3143 991 3222 apposuerunt,
1030 3130 1392 3221 ipsamque
1441 3152 1721 3218 aquam,
1759 3130 1827 3199 in
1863 3152 2002 3218 qua
2036 3130 2348 3200 laverunt
2390 3153 2570 3213 ossa,
2619 3133 2686 3201 in

158 3220 477 3309 angulum
515 3219 798 3290 sacrarii
834 3219 1180 3290 fuderunt.
1235 3224 1327 3288 Ex
1382 3241 1521 3307 quo
1579 3232 1883 3309 tempore
1938 3218 2192 3288 factum
2248 3230 2372 3300 est,
2418 3231 2492 3289 ut
2540 3220 2690 3311 ipsa

160 3315 333 3390 terra,
365 3331 550 3396 quae
591 3309 937 3378 lavacrum
969 3308 1351 3378 venerabile
1378 3308 1706 3398 suscepit,
1746 3307 1830 3377 ad
1865 3308 2243 3398 abigendos
2277 3330 2357 3377 ex
2386 3309 2688 3381 obsessis

158 3399 547 3486 corporibus
576 3397 968 3478 daemoneS,
1006 3397 1264 3487 gratiae
1300 3396 1624 3468 salutaris
1666 3395 1946 3467 haberet
1976 3397 2320 3466 effectum.

218 3486 444 3641 318.
505 3486 808 3574 Denique
878 3497 1181 3576 tempore
1244 3498 1620 3574 sequente,
1696 3507 1854 3555 cum
1924 3486 2226 3575 praefata
2293 3484 2556 3575 Regina
2613 3487 2681 3555 in

161 3589 216 3639 eo
261 3595 366 3643 em
424 3575 842 3646 monasterio
873 3587 1280 3656 moraretur,
1316 3574 1499 3643 venit
1546 3574 1630 3643 ad
1669 3573 2109 3643 salutandam
2144 3595 2292 3643 eam
2328 3574 2684 3644 Abbatissa

163 3663 477 3742 quaedam
520 3662 953 3746 venerabilis,
1006 3685 1183 3751 quae
1229 3686 1452 3752 usque
1489 3663 1693 3732 hodie
1727 3676 2063 3753 superest,
2116 3662 2453 3733 vocabulo
2500 3663 2686 3732 Edil-

166 3743 297 3832 hilt,
353 3774 562 3822 soror
618 3754 918 3823 virorum
990 3765 1385 3823 sanctorum
1447 3751 1758 3821 Edelvini
1806 3764 1870 3822 et
1935 3751 2311 3821 Aldewini:
2384 3773 2679 3837 quorum

168 3838 315 3918 prior
364 3841 753 3933 Episcopus
799 3842 869 3909 in
923 3840 1218 3910 Lindissi
1274 3840 1623 3930 provincia
1661 3895 1675 3917 ‚
1730 3839 2082 3911 secundus
2134 3852 2278 3909 erat
2342 3839 2564 3910 Abbas
2612 3840 2679 3909 in

173 3931 594 4010 monasterio,
647 3930 828 4017 quod
880 3941 1160 3999 vocatur
1208 3935 1587 3999 Peartaneu
1626 3929 1695 3964 ²⁶*
1742 3951 1782 3997 a
1819 3951 1957 4015 quo
2008 3951 2143 3998 non
2196 3929 2398 4018 longe
2450 3940 2515 3996 et
2564 3927 2683 3997 illa

176 4019 631 4089 monasterium
685 4018 999 4089 habebat.
1054 4023 1218 4088 Cum
1268 4041 1431 4109 ergo
1479 4019 1763 4088 veniens
1813 4017 1979 4086 illuc
2009 4073 2024 4098 ,
2080 4017 2473 4103 loqueretur
2520 4038 2679 4085 cum

178 4100 410 4193 Regina,
471 4120 676 4194 atque
726 4110 901 4177 inter
947 4108 1080 4178 alia
1110 4161 1129 4187 ,
1187 4129 1499 4177 sermone
1547 4107 1633 4176 de
1680 4106 1990 4178 Oswaldo
2049 4120 2321 4186 exorto,
2379 4104 2675 4185 diceret,

175 4197 302 4272 quod
351 4211 421 4267 et
487 4197 637 4286 ipsa
700 4196 921 4266 lucem
993 4209 1186 4266 nocte
1246 4196 1365 4266 illa
1429 4219 1640 4287 supra
1693 4196 2021 4282 reliquias
2069 4194 2217 4283 ejus
2266 4193 2350 4263 ad
2410 4194 2677 4263 coelum

174 4294 339 4370 usque
379 4286 601 4355 altam
637 4286 917 4356 vidisset
948 4309 962 4353 τ
1017 4285 1267 4374 adjecit
1300 4286 1585 4377 Regina,
1625 4284 1806 4373 quod
1844 4285 1927 4354 de
1964 4283 2242 4375 pulvere
2274 4283 2674 4374 pavimenti,

209 4442 228 4468 ⁴
246 4448 518 4502 anlom‘ye
544 4450 644 4492 sive
672 4453 941 4503 Banzeneyo.

208 4497 248 4525 ε’
267 4505 353 4545 Alit
383 4508 679 4556 Pearenuiqa.
