3308 5004
643 311 772 377 208
1258 326 1338 376 nn
1386 328 1444 376 s.
1495 327 1771 377 stenaro
1819 277 2004 378 conr.
2059 327 2410 377 manum
2821 310 3015 379 AUG.
3076 313 3128 379 7

559 436 631 484 se
662 413 976 497 consilio,
1017 424 1276 506 partem
1311 412 1702 484 inferiorem
1733 414 1912 484 sacri
1936 414 2244 505 corporis
2268 419 2618 486 Messanae
2648 412 3117 503 reliquerunt,

558 503 822 591 reliqua
854 503 940 573 ad
982 502 1393 573 coenobium
1426 507 1861 593 Drepanense
1897 503 2250 573 translata.
2723 571 2730 580 .

646 593 683 681 ἓ
734 598 878 666 ῡί.
934 598 1109 662 Puer
1137 590 1448 679 quidam,
1489 603 1636 662 orto
1666 592 2011 675 incendio,
2051 592 2122 661 in
2166 591 2430 663 medias
2468 592 2789 662 flammas
2820 591 3117 675 cadens,

561 684 805 751 Sancte
831 681 1121 762 Alberte,
1179 680 1425 769 inquit,
1480 680 1735 771 adjuva
1782 702 1915 765 me,
1969 680 2179 752 simul
2228 681 2433 752 etiam
2486 681 2955 751 beatissimam
2990 683 3124 752 Dei

558 774 837 840 Matrem
888 771 1243 840 invocans.
1298 768 1514 840 Exivit
1572 792 1735 861 ergo
1782 771 1870 841 ab
1919 771 2079 862 igne
2144 792 2385 871 expers
2452 770 2679 860 igniS,
2747 771 2980 859 aitque
3040 793 3122 842 se

561 858 1001 930 beatissimae
1047 858 1349 949 Virginis
1396 871 1462 929 et
1507 859 1727 929 sancti
1774 858 2027 930 Alberti
2077 859 2339 929 meritis
2379 859 2699 929 flammas
2759 880 2896 929 non
2949 881 3123 930 sen-

558 947 753 1018 sisse.
784 953 992 1019 Porro
1020 947 1249 1039 largas
1273 946 1748 1037 eleemosynas
1825 970 1899 1020 ro
1937 947 2257 1019 facultate
2292 970 2418 1019 sua
2451 948 2690 1019 Ordini
2740 949 3112 1039 praestitit.

646 1038 682 1124 ξ
733 1041 894 1108 ῡῡ.
949 1035 1281 1107 Sacerdos
1328 1035 1617 1125 quidam
1666 1059 1758 1107 au
1814 1038 1961 1108 iens
2008 1037 2311 1108 Priorem
2360 1037 2733 1126 quemdam
2780 1059 2902 1128 pro
2941 1059 3122 1108 con-

558 1125 758 1196 cione
796 1124 1163 1207 dicentem,
1196 1124 1543 1194 Albertum
1577 1138 1892 1196 sanctum
1919 1148 2091 1208 esse,
2128 1125 2526 1198 stimulante
2554 1125 2836 1208 invidia,
2873 1147 3116 1198 coram

554 1213 818 1305 populo
847 1214 1254 1285 exclamavit
1284 1238 1298 1282 ε
1339 1219 1439 1284 Tu
1471 1235 1629 1285 vero
1663 1214 1954 1307 turpiter
1992 1215 2330 1297 mentiriS,
2375 1226 2440 1285 et
2473 1213 2647 1285 falsa
2679 1229 2886 1303 atque
2915 1237 3115 1285 com-

556 1303 870 1374 mentitia
903 1316 1065 1376 sunt
1096 1324 1273 1392 quae
1323 1301 1645 1390 loqueris.
1701 1309 1843 1374 Non
1895 1316 1997 1376 est
2040 1304 2227 1374 enim
2278 1315 2558 1374 sanctus
2607 1303 2725 1374 ille
2761 1304 3107 1386 AlbertuS,

557 1413 763 1480 quem
798 1402 872 1462 tu
918 1391 1118 1462 dicis,
1172 1391 1422 1462 Eodem
1476 1407 1824 1463 momento
1873 1394 2134 1463 viscera
2178 1405 2243 1463 et
2297 1392 2622 1463 intestina
2678 1393 2913 1464 omnia
2961 1416 3114 1464 ma·-

560 1479 732 1570 ligni
784 1479 1089 1552 hominis
1122 1535 1137 1564 ‚
1201 1480 1472 1552 cunctis
1540 1481 2108 1572 adspectantibus
2172 1481 2244 1551 in
2310 1482 2460 1567 ejus
2507 1504 2733 1572 genua
2785 1481 3114 1573 prolapsa

559 1581 746 1639 sunt.
800 1570 1072 1641 Accitus
1119 1584 1348 1640 autem
1385 1570 1789 1662 Chirurgu8‚
1828 1571 1923 1641 ait
1952 1571 2036 1640 ad
2068 1593 2273 1641 eum:
2325 1575 2470 1642 Non
2517 1592 2667 1641 mea
2714 1573 2944 1662 opem,
2985 1570 3113 1640 sed

560 1657 783 1729 sancti
833 1657 1085 1729 Alberti
1135 1680 1285 1749 ope,
1340 1659 1398 1729 si
1449 1660 1729 1730 credere
1770 1659 1979 1741 voles,
2036 1659 2461 1730 liberaberis.
2518 1660 2611 1730 Iis
2658 1660 2939 1743 auditis,
2995 1681 3114 1729 sa-

559 1746 805 1816 cerdos
865 1769 1094 1818 coram
1156 1747 1393 1817 multis
1467 1747 2060 1838 lacrymabundus
2108 1749 2277 1833 dixit
2324 1771 2601 1820 summo
2662 1749 2878 1819 animi
2939 1770 3108 1819 cum

560 1835 843 1906 dolore:
898 1839 948 1907 Ο
985 1837 1176 1907 beate
1222 1835 1509 1919 Alberte,
1563 1835 1816 1909 falsum
1866 1860 1992 1930 ego
2040 1837 2314 1909 locutus
2362 1859 2543 1920 sum,
2602 1849 2897 1926 tuaeque
2944 1858 3112 1907 san-

560 1923 777 1994 ctitati
828 1947 950 2017 per
996 1924 1437 1996 mendacium
1507 1926 1900 1996 obtrectavi.
1956 1932 2193 2014 Itaque
2258 1939 2538 2018 propter
2595 1926 3108 2018 blasphemiam

555 2034 781 2083 meam
817 2014 1059 2084 merito
1106 2014 1275 2084 haec
1311 2014 1551 2105 patior.
1608 2015 1733 2085 Sed
1769 2016 1829 2086 si
1863 2037 1971 2085 me
2009 2016 2381 2099 sanaveriS,
2410 2016 2744 2107 jejunabo
2791 2015 2912 2085 illo
2960 2015 3098 2095 die,

558 2101 681 2190 qui
711 2103 1058 2193 praecedit
1085 2103 1266 2173 diem
1302 2103 1532 2174 obitus
1582 2105 1724 2174 tui:
1772 2105 2148 2195 ‘ipsumque
2177 2105 2385 2186 diem,
2430 2126 2569 2194 quo
2600 2126 2638 2174 e
2674 2105 2807 2175 vita
2838 2103 3099 2185 abiisti,

554 2212 681 2282 pro
713 2190 885 2262 sesto
917 2192 1206 2262 habebo.
1260 2192 1575 2263 Proximo
1621 2193 1733 2263 die
1782 2193 1934 2264 Sole
1972 2194 2411 2266 illucescente
2440 2249 2456 2277 ,
2518 2192 2723 2263 sentit
2781 2192 3107 2265 sacerdos

557 2278 797 2351 adesse
846 2278 979 2353 sibi
1028 2281 1304 2351 beatum
1355 2280 1747 2364 Albertum,
1800 2297 1865 2352 et
1912 2305 2165 2374 corpus
2221 2306 2428 2354 suum
2484 2281 2631 2353 oleo
2691 2302 3103 2373 perungere.

558 2373 708 2439 Mox
741 2371 965 2461 surgit
1014 2393 1253 2451 sanuS,
1313 2372 1631 2462 properat
1676 2371 1760 2441 ad
1828 2373 2323 2443 monasterium
2355 2427 2370 2454 ,
2424 2369 2722 2443 ostendit
2776 2370 3108 2441 omnibus

561 2457 726 2546 quid
778 2472 957 2531 esset
1019 2472 1432 2561 consecutus
1490 2460 1855 2543 beneficii,
1907 2474 1973 2533 et
2018 2461 2345 2552 deinceps
2398 2458 2580 2549 quod
2644 2459 3101 2551 promiserat,

561 2561 908 2639 praestare
959 2571 1093 2619 non
1129 2562 1384 2620 om1s1t.

646 2640 681 2725 ἓ
734 2643 893 2711 28.
950 2639 1301 2709 Fratribus
1350 2638 1783 2731 monasterii,
1836 2638 1925 2710 ob
1975 2638 2214 2730 populi
2270 2637 2723 2721 devotionem,
2780 2637 2960 2708 beati
2999 2636 3108 2706 Al-

558 2725 732 2795 berti
779 2728 1502 2798 commemorationem
1568 2727 2004 2809 facientibu5‚
2060 2727 2342 2816 quidam
2394 2726 2656 2807 Clerici,
2709 2725 2894 2796 malo
2942 2725 3108 2796 dae-

558 2834 762 2883 mone
810 2817 1206 2907 instigante,
1260 2815 1534 2886 voluere
1600 2829 1797 2887 nocte
1850 2817 2162 2904 sequenti
2209 2815 2343 2884 ima
2397 2816 2579 2886 inem
2630 2815 2785 2904 ejus
2831 2815 3106 2887 abolere

553 2894 619 2971 e‘t
655 2903 957 2993 perdere.
996 2911 1150 2974 Jam
1189 2904 1328 2975 illis
1357 2906 1709 2986 euntibuS,
1755 2904 2175 3006 paralyticus
2223 2905 2341 2992 qui
2396 2927 2532 2985 am,
2561 2923 2778 2993 quem
2817 2904 3104 2974 morbus

554 2992 759 3062 annis
784 2992 1149 3063 duodecim
1203 2994 1375 3064 lecto
1421 2993 1750 3077 affixerat,
1789 2993 2015 3063 media
2062 3006 2281 3077 nocte,
2328 2993 2510 3081 quod
2562 3003 2738 3066 esset
2774 2992 3107 3065 ecclesiae

554 3079 852 3163 vicium,
893 3081 1087 3152 audit
1135 3081 1539 3163 tumultum,
1574 3082 1744 3153 dicit
1788 3083 1985 3154 uxori
2025 3094 2103 3154 ut
2132 3094 2370 3172 surgat
2401 3095 2465 3152 et
2505 3083 2888 3174 investiget,
2928 3081 3098 3169 quid

553 3168 655 3236 rei
694 3169 826 3239 sit:
878 3170 1170 3241 audiens
1218 3193 1298 3241 ex
1331 3193 1410 3241 ea
1443 3171 1763 3242 collectos
1791 3172 2009 3242 malos
2057 3172 2396 3254 homineS,
2448 3172 2568 3260 qui
2618 3170 2828 3241 velint
2880 3171 3105 3240 sancti

552 3255 807 3328 Alberti
847 3259 1224 3349 imaginem
1275 3260 1568 3344 abolere,
1621 3262 1756 3330 ait:
1813 3262 2083 3330 Utinam
2131 3282 2346 3331 sanus
2392 3282 2639 3342 essem,
2693 3272 2774 3331 ut
2824 3280 3097 3350 possem

559 3345 791 3416 isthuc
838 3347 1199 3439 impedire,
1251 3350 1622 3437 additque:
1677 3350 1942 3421 Alberte
2003 3350 2236 3432 beate',
2290 3349 2506 3421 libera
2562 3371 2672 3419 me
2703 3404 2718 3431 ,
2773 3348 3102 3436 staboque

552 3436 917 3524 promissis
967 3437 1136 3507 meis
1168 3491 1183 3518 ,
1236 3458 1613 3526 omnesque
1661 3439 2019 3510 facultates
2091 3461 2278 3511 meas
2324 3439 2554 3510 cultus
2601 3437 2705 3508 tui
2768 3458 3102 3527 augmen-

556 3523 749 3592 tandi
784 3530 994 3597 causa
1054 3525 1463 3616 expendam.
1517 3528 1639 3596 His
1686 3528 1929 3610 dictis,
1995 3528 2362 3609 obdormit,
2415 3526 2730 3615 videtque
2778 3538 3097 3597 sanctum

550 3611 902 3684 Albertum
954 3626 1306 3702 tamquam
1356 3614 1650 3706 effigiem
1709 3617 1953 3707 parieti
2001 3616 2301 3699 affixam,
2353 3637 2707 3704 manuque
2756 3626 3096 3686 tenentem

551 3701 817 3793 virgam
860 3703 1184 3794 inprimis
1224 3702 1675 3787 luculentam,
1726 3708 1942 3794 eaque
1991 3706 2222 3797 ipsum
2272 3716 2689 3797 tangentem,
2745 3716 2812 3775 et
2861 3703 3101 3774 dicen-

551 3802 728 3860 tem:
783 3795 986 3862 Sanet
1032 3803 1098 3862 te
1130 3792 1568 3885 omnipotens
1615 3798 1819 3865 Deus.
1857 3799 2004 3866 Mox
2043 3794 2321 3895 evigilat
2351 3815 2578 3885 aeger,
2631 3793 2840 3864 sentit
2887 3812 2961 3863 se
2992 3792 3100 3861 in-

549 3879 921 3963 columem,
977 3904 1230 3972 magno
1268 3883 1503 3953 animo
1528 3884 1968 3975 progreditur
1993 3883 2394 3954 hominibus
2428 3881 2757 3973 malignis
2794 3880 3092 3961 obviam,

548 3970 781 4058 aitque
850 3969 1033 4041 illis:
1086 3974 1306 4073 Opera
1383 3973 1497 4042 Dei
1546 3995 1666 4042 vos
1740 3972 2058 4043 convenit
2103 3972 2368 4053 facere,
2440 3992 2576 4040 non
2628 3985 2932 4042 satanae.
2985 3968 3096 4039 Illi

548 4058 992 4130 sciscitantur
1048 4082 1206 4149 quis
1254 4060 1365 4144 sit,
1417 4072 1483 4132 et
1532 4083 1673 4149 qua
1734 4061 1998 4132 ratione
2048 4060 2288 4131 morbo
2344 4081 2622 4130 ornnem
2672 4058 3090 4131 medicinam

547 4160 915 4238 respuente
964 4148 1295 4221 liberatus
1340 4150 1451 4221 sit.
1508 4149 1735 4221 Refert
1781 4150 2025 4221 ordine
2070 4150 2337 4232 omnia,
2396 4170 2649 4241 magno
2705 4148 2808 4219 illi
2859 4148 3096 4218 timore

548 4238 870 4337 correpti,
925 4239 1384 4398 resipiscunt,
1440 4239 1865 4328 laudantque
1914 4244 2125 4311 Deum
2176 4239 2246 4308 in
2297 4250 2535 4310 sancto
2582 4260 2733 4309 suc.
2788 4237 3091 4308 Primum

547 4336 695 4393 tum
745 4347 816 4395 ιη
867 4331 933 4397 S.
987 4327 1057 4397 Al
1113 4329 1241 4399 erti
1290 4329 1619 4399 honorem
1657 4328 1990 4401 sacellum
2038 4328 2397 4399 conditum
2443 4340 2570 4399 est.

636 4414 673 4499 ἓ
723 4419 878 4490 ῡιι.
955 4421 1033 4487 In
1082 4428 1306 4489 castro
1350 4418 1771 4509 Drepanensi
1818 4417 2104 4507 quidam
2156 4416 2543 4488 taxillarum
2596 4416 2757 4489 lusu
2819 4436 3092 4487 omnem
