3308 5004
580 338 709 405 244
1034 275 1039 278 ¹
1265 352 1343 401 nx
1390 351 1450 400 s.
1500 348 1853 400 nummo
1900 349 2122 400 mna
2166 348 2237 398 ιι.
2569 373 2570 382 κ
2713 328 2902 397 Aue.
2947 329 3030 397 ⁴0

490 438 815 510 decollati
848 450 1014 509 sunt
1046 459 1286 509 omnes
1357 436 1890 528 uadragintasex
1917 457 2041 527 pro
2069 433 2322 507 Christi
2349 432 2656 515 homine,
2689 454 2851 503 cum
2877 454 3039 504 uxo·

493 528 691 600 ribus
736 526 909 598 suis.
962 531 1256 618 Corpora
1302 458 1584 596 illorum
1627 524 1947 596 lustinus
1985 525 2344 624 presbyter
2383 534 2452 593 et
2493 521 2789 623 loannes
2835 534 3036 623 nocte

491 616 940 718 collegerunt,
991 629 1059 686 ct
1102 637 1181 686 se
1293 614 1525 686 ierunt
1570 614 1641 683 in
1689 626 1954 705 crypta,
2011 612 2250 714 multra
2296 612 2778 703 praesentibus
2838 610 3036 681 chn-

495 705 765 785 stiams,
819 703 890 774 in
940 704 1051 775 via
1098 708 1185 774 Sa
1209 703 1382 787 aria,
1437 703 1507 772 in
1552 702 1736 774 clivo
1777 713 2199 784 cucumeris,
2251 714 2487 772 octavo
2515 698 3037 802 ,calendas-No·

493 794 838 865 vembris:
890 793 1011 864 ubi
1063 793 1309 863 florent
1350 791 1696 862 ¹orationes
1741 812 1982 862 eorum
2012 789 2339 879 usquein
2371 787 2785 860 hodiernum
2817 787 3028 869 diem,

490 901 657 954 cum
705 881 863 953 aliis
907 892 1188 952 centum
1226 881 1471 972 viginti
1510 880 1972 970 martyribus:
2009 880 2190 949 inter
2222 900 2398 968 quos
2429 877 2709 950 fuerunt
2737 889 3037 965 quatuor

494 970 750 1041 milites
797 971 1073 1053 Christi,
1125 975 1550 1051 Turonost,
1606 974 1867 1052 Luctus,
1920 973 2187 1039 Hamus
2231 979 2298 1038 et
2343 972 2593 1038 Pet-ans
2620 967 2774 1057 (xxv
2805 964 3031 1067 Octo}

491 1060 639 1147 qui,
689 1070 768 1129 ut
814 1059 1137 1130 viderunt
1183 1071 1484 1130 armatos
1530 1057 1617 1128 ad
1669 1077 1742 1129 se
1792 1058 2025 1129 venire
2079 1056 2359 1136 milites,
2419 1055 2755 1157 rogabant
2789 1067 2870 1126 ut
2897 1076 3037 1146 tpst

418 1202 435 1220 .
546 1148 704 1218 rimi
754 1160 912 1219 ante
957 1169 1198 1220 omnes
1242 1147 1772 1229 decollarentur,
1825 1169 1905 1218 ea
1937 1145 2270 1217 ferventes
2311 1146 2709 1227 intentione,
2751 1156 2830 1214 ut
2864 1143 3038 1213 mal·-

494 1170 641 1307 fent
686 1236 845 1307 laeti
894 1237 1071 1308 mori
1120 1257 1242 1328 pro
1288 1236 1577 1319 christu,
1629 1253 1839 1324 quam
1891 1234 2071 1306 male
2101 1235 2347 1305 vivere.
2385 1238 2598 1321 Atque
2630 1233 2723 1303 ita
2752 1232 3038 1323 profecti

492 1336 659 1396 sunt
705 1325 790 1395 ad
843 1326 1235 1406 Dominum,
1289 1327 1403 1396 cui
1451 1336 1553 1396 est
1599 1325 1819 1396 honor
1864 1335 1930 1395 et
1968 1324 2188 1416 gloria
2225 1323 2295 1393 in
2337 1321 2573 1394 secula
2608 1321 3028 1393 seculorum.

810 1617 942 1722 DE
1005 1619 1088 1722 S.
1154 1615 1742 1723 LAURENTn]
1809 1616 2182 1722 LEVITA
2245 1613 2738 1722 MARTYRE

996 1869 999 1872 ·
1054 1854 1372 1934 PETRI
1427 1852 2086 1935 CHRYsoLoffl
2135 1852 2485 1934 SERMO

1226 2105 1335 2163 om
1386 2106 1497 2153 ssr
1543 2106 1610 2155 m
1659 2106 1859 2155 orsas
1905 2106 2080 2164 mus,
2140 2088 2311 2154 ⁴35⁰·

589 2299 626 2386 ξ
670 2303 747 2370 1.
802 2296 1194 2367 Hodiernus
1241 2295 1391 2367 dies
1436 2297 1819 2369 beatissimi
1867 2297 2191 2389 martyris
2248 2297 2596 2369 Laurentii
2652 2301 2905 2368 corona
2952 2299 3040 2368 il-

504 2386 881 2457 lustratur:
932 2385 1133 2472 cujus
1179 2386 1437 2477 egregii
1488 2387 1812 2477 martyris
1858 2390 2124 2468 merita,
2178 2386 2372 2457 nulla
2407 2408 2568 2478 pars
2606 2388 2900 2458 Romani
2928 2409 3041 2458 or-

506 2475 617 2546 bis
663 2476 957 2566 ignorat.
1011 2479 1261 2546 Passus
1307 2487 1406 2546 est
1454 2475 1524 2545 in
1577 2475 1727 2567 ipso
1774 2475 1999 2566 capite
2051 2476 2359 2567 gentium
2390 2530 2410 2557 ‚
2473 2475 2541 2546 id
2581 2486 2730 2559 est,
2783 2476 2853 2546 in
2890 2477 3041 2567 ipsa

500 2566 680 2635 urbe
726 2570 1058 2635 Romana.
1111 2564 1213 2634 lbi
1252 2564 1439 2634 enim
1479 2564 1814 2636 diaconus
1849 2565 2285 2646 ministravit,
2329 2577 2396 2635 et
2431 2565 2502 2634 in
2540 2565 2691 2656 ipso
2717 2565 3042 2653 juventu·

505 2654 595 2723 tis
643 2674 809 2724 suae
856 2654 1023 2723 flore
1067 2651 1384 2722 decorem
1424 2653 1809 2741 juventutis
1853 2660 2023 2724 'suae
2071 2654 2413 2755 sanguine
2461 2654 2892 2745 purpuravit.

589 2744 627 2830 ξ
654 2747 743 2814 2.
772 2743 1002 2812 Passio
1031 2742 1181 2831 eJus
1208 2741 1504 2832 insignis
1530 2757 1657 2823 est,
1678 2742 2112 2830 multumque
2135 2741 2498 2813 mlrabilis:
2518 2742 2699 2813 hanc
2720 2743 3034 2825 breviter,

503 2831 797 2900 Domino
827 2829 1224 2918 adJuvante,
1263 2830 1579 2901 narrabo.
1625 2830 1754 2901 Illo
1786 2842 1953 2901 tunc
1983 2830 2502 2913 Archidiacono,
2541 2833 2783 2903 beatus
2818 2832 3044 2903 Sixtus

501 2931 648 2988 erat
679 2918 1094 3009 Episcopus:
1128 2918 1334 3007 cujus
1365 2919 1767 3010 triumphus
1797 2919 2111 3009 martyrii
2142 2931 2303 2989 ante
2333 2919 2640 2992 triduum
2681 2919 2835 2992 fuit.
2874 2925 3043 2991 Cum

499 3028 668 3096 ergo
714 3020 997 3078 sanctus
1046 3008 1454 3077 Laurentius
1503 3008 1918 3099 Episcopum
1969 3028 2177 3077 suum
2219 3009 2481 3079 Sixtum
2526 3022 2918 3101 pergentem
2953 3009 3042 3079 ad

504 3108 685 3164 mart
731 3094 914 3164 rium
965 3109 1389 3183 sequeretur,
1443 3094 1579 3165 fide
1626 3095 1867 3177 fultuS,
1921 3095 2136 3168 tristis
2181 3096 2454 3179 affectu,
2515 3120 2651 3169 non
2700 3099 2868 3187 quia
2928 3098 3045 3170 ille

506 3183 690 3273 patie
738 3194 917 3264 atur,
973 3183 1091 3254 sed
1140 3183 1305 3272 quia
1351 3184 1439 3254 ab
1468 3182 1590 3255 illo
1618 3185 1768 3275 ipse
1798 3184 2265 3268 deserebatur,
2305 3188 2600 3277 respexit
2631 3187 3046 3258 venerabilis

503 3292 712 3341 senex
759 3271 1221 3342 venerabilem
1259 3272 1610 3372 juvenem,
1657 3284 1722 3342 et
1754 3273 1849 3343 ait
1889 3272 2033 3343 illi:
2078 3273 2227 3344 Noli
2263 3296 2415 3347 esse
2453 3275 2666 3348 tristis
2706 3275 2843 3346 fili:
2890 3288 3045 3368 post

504 3358 819 3430 triduum
870 3382 979 3430 me
1026 3381 1356 3448 sequeris
1409 3366 1600 3431 Tunc
1645 3361 1762 3432 ille
1792 3361 2052 3432 ebibita
2090 3363 2475 3455 prophetia,
2503 3362 2650 3452 jam
2682 3364 2890 3435 corde
2926 3385 3047 3456 pa-

506 3448 923 3530 ratissimuS,
960 3461 1027 3520 et
1053 3449 1306 3540 spiritu
1335 3450 1594 3523 ebrius».
1631 3465 1895 3521 certum
1930 3452 2231 3542 speravit
2259 3452 2597 3533 futurum,
2680 3454 2819 3524 uod
2845 3475 3046 3546 prae-

504 3536 771 3638 dixerat
814 3537 933 3607 ille
978 3539 1101 3625 qui
1148 3549 1451 3639 noyer-at.
1506 3539 1763 3609 Deinde
1809 3540 2312 3642 apprehensuS,
2378 3554 2482 3612 est
2540 3475 2919 3614 adauctus:
2979 3554 3047 3613 et

503 3647 839 3714 quoniam
884 3640 1033 3697 erat
1076 3627 1640 3710 ArchtdtaconuS,
1677 3630 1865 3719 apud
1899 3628 2100 3701 illum
2129 3651 2279 3702 esse
2305 3630 2546 3718 utique
2583 3632 3047 3704 credebantur

504 3736 672 3806 opes
718 3714 1085 3797 Ecclesiae,
1135 3738 1312 3803 quas
1357 3715 1791 3789 desiderabat
1840 3732 2328 3809 persequutor;
2385 3741 2520 3789 non
2575 3733 2715 3791 tam
2764 3744 3041 3804 avarus,

501 3825 716 3892 quam
764 3803 1071 3876 furiosus
1114 3805 1349 3875 oderat
1395 3827 1603 3894 quem
1651 3807 2043 3879 occidebat:
2097 3807 2219 3878 sed
2272 3807 2549 3879 amabat
2589 3810 2775 3901 apud
2836 3831 3041 3893 eum,

502 3892 694 3981 quod
737 3892 854 3963 ille
889 3894 1395 3964 contemnebat.

592 3983 768 4070 §R
835 3987 994 4053 Erat
1055 3995 1285 4053 autem
1340 3995 1624 4054 sanctus
1688 3985 2119 4057 Laurentius·
2210 4006 2425 4077 auper
2483 3986 2786 4077 opibus,
2851 3987 3046 4059 dives

510 4071 869 4141 moribus:
945 4093 1086 4142 non
1155 4093 1229 4174 se
1302 4072 1598 4173 negavit·
1646 4074 1989 4145 Ecclesiae
2071 4006 2325 4145 haget-e
2393 4074 2712 4147 divitias:
2786 4077 2906 4148 sed
2973 4087 3051 4148 ut

508 4179 626 4227 eas
672 4158 1092 4242 ostenderet,
1147 4161 1360 4231 tridui
1407 4160 1805 4233 dilationem
1922 4163 2110 4236 etiit:
2171 4162 2422 4234 deinde
2476 4164 2828 4236 mandavit
2886 4188 3050 4238 con·

506 4248 782 4337 gregari
813 4249 1095 4340 agmina
1128 4272 1540 4342 pauperum.
1606 4256 1796 4323 Tunc
1904 4252 2105 4325 einde
2162 4253 2313 4344 ipso
2362 4251 2475 4322 die
2536 4276 2831 4326 coronae
2882 4277 3050 4326 suae

508 4349 985 4425 praesentatus
1029 4339 1354 4421 examini,
1409 4352 1763 4429 tamquam
1813 4342 2412 4427 demonstraturus
2457 4344 2640 4428 quod
2681 4344 2800 4415 ille
2836 4365 3049 4431 quae-

507 4425 721 4508 rebat,
758 4425 1248 4500 demonstravit
1272 4428 1456 4517 quod
1486 4429 1806 4502 habebat.
1845 4437 2033 4501 Tunc
2065 4431 2162 4501 ait
2200 4444 2688 4522 persequutor:
2725 4432 2854 4505 Ubi
2882 4444 3048 4505 sunt
