3308 5004
131 380 318 450 AUG.
376 382 457 447 ⁴5
549 338 571 415 ἶ
795 399 875 447 na
922 399 979 447 s.
1032 397 1369 448 Annumo
1417 398 1748 448 snssssmn.
1801 399 2002 449 nmsc.
2464 382 2590 449 359

134 506 347 573 quam
399 485 589 556 solus
626 483 875 554 sedens
905 496 970 554 et
1009 483 1269 575 legenS,
1313 505 1394 554 ex
1427 483 1826 555 divinorum
1875 485 2076 586 copia
2107 484 2442 557 librorum
2476 487 2687 556 uber-

133 575 255 644 tim
291 573 678 645 hauriebat.
713 574 925 664 CuJus
963 573 1294 643 instantia
1324 572 1722 664 proficiens,
1760 585 1826 644 et
1849 573 2123 644 divinae
2145 576 2405 675 gratiae
2428 574 2685 644 auxilio

132 663 582 755 praecedente
609 662 908 733 multum
937 662 1330 743 abundans,
1368 682 1504 731 non
1539 663 1978 733 mediocriter
2016 684 2091 733 sa
2144 684 2293 733 iens
2322 664 2675 745 evadebat,

133 752 512 843 prudenter
539 750 954 843 intelligens,
985 764 1052 821 et
1073 750 1442 821 efficaciter
1469 752 1753 853 capiens
1777 750 2050 822 divinae
2123 753 2468 843 cripturae
2493 772 2685 822 men-

132 853 263 911 tem
304 852 373 911 et
424 841 831 912 sententiam
869 896 885 922 ,
942 852 1132 910 tanto
1189 845 1322 910 Deo
1376 841 1877 931 propinquior,
1929 852 2188 928 quanto
2235 840 2323 910 ab
2356 841 2684 912 humanis

132 928 338 1000 rebus
389 930 736 1001 remotior.
792 929 985 999 Dedit
1030 950 1306 1017 quoque
1344 950 1653 1022 operam,
1690 942 1767 1000 ut
1799 929 2148 1000 scribendi
2196 930 2511 1023 peritiam
2563 930 2688 1000 ob·

140 1019 432 1089 tineret:
488 1018 703 1090 libros
753 1040 841 1088 ue
904 1017 1365 1109 componendi
1419 1040 1556 1089 non
1611 1017 2189 1088 contemnendam
2246 1018 2540 1109 adeptus
2585 1029 2690 1088 est

139 1108 458 1210 gratiam.
513 1112 604 1177 De
655 1040 812 1178 cithu
859 1129 1014 1178 vero
1062 1121 1128 1178 et
1176 1120 1343 1199 potu
1438 1107 1557 1177 uid
1602 1106 1917 1187 referam,
1972 1129 2131 1178 cum
2171 1107 2523 1178 diuturnis
2571 1106 2689 1177 ille

129 1196 425 1287 jejuniis
454 1196 614 1287 plus
638 1196 1115 1279 delectaretur,
1145 1218 1353 1298 quam
1437 1196 1704 1267 elicatis
1740 1195 2069 1267 ferculis?
2091 1197 2297 1268 Panis
2325 1216 2406 1266 ex
2430 1194 2687 1266 hordeo

140 1285 477 1356 semitrito
509 1297 574 1355 et
607 1307 762 1356 raro
807 1298 874 1355 et
920 1307 1124 1377 parce
1163 1307 1235 1355 in
1284 1286 1518 1356 cibum
1569 1285 1996 1366 sumebatur,
2049 1286 2230 1357 alius
2281 1304 2682 1372 nunquam:

141 1395 313 1462 aqua
364 1374 723 1463 squallens
772 1386 918 1444 erat
956 1386 1160 1465 potus
1190 1429 1205 1457 ,
1263 1394 1389 1444 nec
1439 1396 1518 1445 ea
1567 1386 1797 1444 tamen
1839 1374 2146 1463 quotidie
2178 1375 2677 1466 apponebatur,

141 1477 357 1551 neque
397 1464 716 1555 apposita
756 1464 854 1534 sic
883 1463 1309 1554 capiebatur,
1354 1475 1434 1534 ut
1473 1463 1842 1534 sufficeret.

220 1555 257 1640 §
302 1556 465 1625 10.
520 1558 786 1622 Interea
832 1551 1238 1642 defungitur
1282 1553 1506 1622 Abbas
1556 1552 1956 1634 Reinaldus,
2007 1563 2074 1623 et
2121 1552 2492 1641 instigante
2538 1572 2689 1621 am-

139 1639 417 1711 bitionis
442 1641 718 1732 spiritu,
744 1642 1027 1711 Pontius
1046 1641 1330 1727 quidam
1355 1641 2031 1732 pseudomonachus,
2052 1641 2249 1731 juxta
2278 1640 2683 1721 Simoniam,

143 1751 179 1797 a
216 1734 396 1821 Rege
446 1735 864 1800 Francorum
896 1729 1073 1800 Phili
1129 1750 1216 1820 po
1248 1750 1497 1800 nomen
1536 1744 1601 1799 et
1649 1730 1880 1801 sedem
1923 1729 2200 1802 Abbatis
2247 1729 2684 1820 adipiscitur.

144 1822 206 1887 Is
257 1819 543 1889 Pontius
597 1818 892 1888 nimium
939 1840 1062 1908 pro
1094 1841 1218 1889 use
1266 1831 1331 1888 et
1391 1818 1754 1921 dapsiliter
1800 1819 2116 1889 victitans
2147 1874 2163 1900 ,
2222 1840 2500 1890 omnem
2556 1818 2695 1888 loci

145 1906 595 1978 substantiam
639 1908 827 1978 brevi
865 1907 1203 1989 exhausit,
1256 1908 1587 1977 ecclesiae
1633 1921 2062 1989 ornamenta,
2106 1930 2283 1995 quae
2312 1908 2457 2009 Jam
2494 1929 2695 1998 prae-

146 1996 343 2086 cipua
374 2009 596 2077 erant,
649 1996 721 2066 in
753 2017 927 2066 usus
957 1996 1259 2066 militum
1309 1996 1538 2088 ipsum
1592 1997 1998 2098 stipantium
2039 1997 2386 2088 expendit,
2422 2007 2487 2065 et
2520 2016 2695 2086 pene

152 2086 375 2155 omnia
455 2106 587 2155 uae
617 2084 701 2154 ad
745 2085 998 2154 domus
1037 2085 1154 2154 Dei
1187 2084 1501 2155 decorem
1545 2098 1984 2175 pertinerent,
2030 2107 2326 2156 vesanus
2357 2084 2687 2175 profudit.

156 2173 318 2255 Quid
370 2197 415 2265 p
449 2192 578 2244 ura
607 2177 639 2243 'P
686 2177 889 2243 Fame
934 2183 999 2243 et
1047 2173 1281 2244 inedia
1311 2172 1557 2245 fratres
1589 2187 1965 2267 premente,
2003 2173 2279 2244 divinae
2319 2173 2550 2244 laudis
2596 2172 2696 2244 of-

153 2258 300 2330 ficia
348 2263 419 2331 in
473 2262 765 2333 ecclesia
811 2261 1119 2333 defecere
1152 2318 1168 2345 ,
1233 2275 1439 2350 atque
1484 2263 1605 2332 illa
1651 2276 1790 2333 tam
1848 2264 2113 2333 famosa
2159 2263 2340 2333 beati
2390 2262 2695 2334 Medardi

158 2347 431 2422 basilica
466 2407 483 2435 ,
536 2352 622 2422 ad
674 2364 952 2442 tempus
997 2351 1176 2422 facta
1234 2364 1336 2423 est
1392 2352 1844 2444 opprobrium
1900 2352 2148 2423 vicinis
2204 2352 2374 2421 suis.
2430 2356 2694 2421 Fratres

159 2453 308 2540 ergo
351 2440 653 2513 sanioris
690 2440 1019 2525 consilii,
1081 2441 1151 2510 in
1192 2460 1418 2512 unum
1479 2440 1902 2533 congregati,
1965 2440 2143 2512 inter
2182 2463 2253 2511 se
2301 2438 2686 2523 conferunt,

158 2529 311 2612 quid
371 2530 665 2602 remedii
719 2542 949 2601 tantae
1004 2530 1333 2622 perniciei
1390 2530 1867 2600 adhibendum
1935 2531 2044 2601 sit.
2100 2530 2475 2621 Reperiunt
2528 2550 2696 2600 con-

158 2615 402 2688 sultum
443 2619 615 2703 fore,
666 2631 744 2689 ut
790 2631 1150 2711 assumpto
1190 2620 1526 2710 Episcopo
1559 2620 2038 2690 Suessionensi
2071 2641 2229 2688 cum
2268 2619 2399 2688 loci
2435 2618 2694 2709 prima-

156 2703 289 2787 riis,
334 2730 371 2776 a
412 2712 607 2799 regia
654 2709 1008 2800 maJestate
1047 2720 1304 2799 petant,
1359 2720 1436 2778 ut
1490 2708 1805 2778 coenobii
1903 2708 2082 2778 risca
2128 2706 2482 2778 nobilitate
2527 2729 2695 2777 con-

159 2794 369 2882 spicui
402 2852 418 2880 ,
472 2812 543 2868 at
589 2819 779 2868 nunc
829 2818 951 2889 per
1009 2798 1331 2868 Pontium
1380 2796 1758 2878 destructi,
1820 2815 1856 2866 c
1887 2807 2192 2867 ementer
2238 2797 2689 2877 misereatur,

159 2884 600 2969 pretiosorum
649 2897 1033 2978 martyrum
1074 2885 1688 2973 confessorumque
1744 2906 2031 2976 corpora
2088 2885 2231 2954 illic
2269 2884 2697 2972 quiescentia

158 2987 552 3070 revereatur,
599 2975 980 3063 jubeatque
1027 2987 1105 3046 ut
1134 2977 1349 3078 ejecto
1380 2976 1642 3056 Pontio,
1698 2995 1835 3044 non
1884 2974 2162 3056 Abbate,
2217 2974 2334 3043 sed
2372 2987 2689 3064 tyranno,

160 3055 398 3158 dignus
446 3075 642 3155 pater
688 3076 753 3134 et
801 3077 1033 3155 pastor
1078 3065 1243 3134 ovili
1291 3064 1649 3134 Dominieo
1709 3063 2174 3154 provideatur.
2228 3068 2331 3132 Ita
2388 3085 2551 3154 ergo
2600 3061 2697 3131 fa-

161 3162 360 3232 ciunt,
412 3166 478 3223 et
526 3151 726 3222 facile
755 3155 961 3244 Regis
1001 3153 1317 3223 animum
1368 3152 1453 3222 ad
1504 3151 1946 3223 clementiam
1997 3152 2447 3224 inflectentes.
2504 3172 2695 3222 com-

160 3240 341 3308 muni
386 3241 683 3312 consilio
727 3240 1045 3323 fratrum,
1082 3242 1350 3311 favente
1398 3240 1590 3311 Clero
1635 3252 1704 3311 et
1750 3241 2031 3333 populo,
2086 3240 2353 3331 eligunt
2391 3240 2524 3310 sibi
2564 3239 2696 3309 Ab·

162 3319 367 3397 batem
404 3329 652 3400 Christi
693 3351 965 3400 servum
996 3331 1207 3400 Arnul
1263 3330 1462 3400 hum.

170 3493 183 3507 ‚
239 3415 274 3500 ξ
315 3419 446 3491 11.
502 3423 653 3488 Mox
699 3419 984 3489 antistes
1040 3420 1222 3489 Theo
1273 3418 1478 3490 aldus
1532 3440 1691 3488 curn
1756 3418 2046 3489 fratrum
2098 3430 2368 3488 caterva
2416 3416 2561 3489 abit
2608 3416 2692 3487 ad

166 3501 525 3590 inclusum,
578 3520 643 3578 et
675 3507 1057 3600 praemissa
1108 3509 1416 3578 oratione
1464 3507 1784 3590 solemni,
1837 3529 1925 3599 ap
1978 3506 2141 3577 ellat
2185 3528 2342 3577 eum
2372 3558 2391 3587 ,
2441 3527 2695 3597 rogans

165 3597 222 3654 et
260 3591 644 3677 obsecrans,
699 3615 991 3666 monens
1037 3609 1103 3668 et
1149 3597 1527 3688 imperans»,
1578 3607 1659 3667 ut
1705 3596 1880 3667 votis
1956 3608 2215 3666 ratrum
2272 3596 2688 3684 acquiescat,

168 3674 563 3780 Abbatisque
609 3684 1075 3755 ministerium
1126 3685 1495 3773 locumque
1553 3686 1623 3754 in
1691 3685 1938 3755 Christi
1990 3685 2268 3754 nomine
2330 3684 2689 3775 suscipiat.

170 3764 402 3864 atille,
442 3775 566 3862 qui
597 3773 747 3862 jam
794 3773 1070 3844 triennii
1123 3787 1190 3844 et
1245 3795 1360 3844 sex
1408 3774 1755 3844 mensium
1812 3773 2164 3844 silentium
2217 3784 2551 3853 tenuerat,
2589 3772 2698 3840 ni-

172 3865 373 3929 mium
414 3881 893 3953 expavescenS,
937 3875 1211 3954 arrepta
1242 3862 1516 3945 tabella,
1561 3862 1697 3932 tale
1736 3881 2148 3953 responsum
2191 3861 2463 3932 scribitz
2508 3865 2606 3931 Ro
2656 3880 2697 3929 o

169 3957 321 4024 VOS,
372 3965 599 4039 patres
658 3951 1108 4034 charissimi,
1177 3952 1436 4043 parcite
1484 3952 1711 4033 mihi,
1758 3964 1828 4021 et
1874 3973 1984 4021 me
2023 3962 2467 4052 peccatorum
2521 3969 2632 4018 mo
2663 3969 2700 4017 e

174 4041 706 4125 praegravatum,
760 4041 966 4111 sinite
1012 4041 1314 4129 aliquem
1367 4045 1499 4110 Deo
1545 4039 1789 4110 offerre
1836 4039 2294 4130 poenitentiae
2341 4036 2693 4107 fructum:

175 4131 288 4216 1109
316 4141 435 4221 ,me
471 4129 821 4200 hominem
857 4129 1233 4212 insulsum,
1283 4128 1431 4199 ullo
1478 4128 1684 4199 modo
1732 4149 1813 4199 co
1864 4128 1995 4197 atis
2042 4126 2129 4197 ad
2182 4126 2314 4196 tale
2351 4145 2531 4196 onus
2578 4145 2700 4195 su·

178 4215 610 4309 smpiendum.
662 4218 856 4302 Quod
905 4218 966 4290 si
1016 4218 1219 4289 modo
1267 4238 1405 4287 non
1454 4217 1665 4287 vultis
1710 4237 1787 4287 ce
1838 4236 1954 4286 ere
2000 4215 2325 4309 precibus
2365 4213 2560 4296 meis,
2596 4214 2701 4283 in-

179 4286 397 4393 ductas
426 4306 528 4376 vei
556 4325 778 4395 usque
809 4325 1014 4378 mane
1064 4306 1237 4376 mihi
1267 4305 1465 4387 detis,
1520 4317 1597 4376 ut
1643 4306 1904 4398 possim
1953 4302 2084 4374 hac
2133 4304 2203 4372 in
2240 4325 2313 4374 re
2343 4302 2701 4394 explorare
2769 4311 2779 4322 '

183 4376 290 4447 Dei
319 4391 757 4484 voluntatem.
809 4401 900 4467 Ro
949 4416 1280 4498 responso
1329 4394 1651 4485 perlecto,
1707 4394 2093 4485 Episcopus
2138 4415 2299 4464 cum
2352 4393 2541 4463 Clero
2581 4392 2703 4462 ad-

185 4481 363 4543 Verllt
387 4500 535 4552 eum
570 4485 931 4577 quippiam
965 4506 1201 4556 nmmo
1232 4482 1484 4555 callide
1516 4503 1787 4553 versare
1819 4504 1836 4551 ε
1887 4483 2070 4556 datis
2100 4496 2329 4554 tamen
2363 4482 2694 4564 induciis,
