3308 5004
213 345 566 420 ‘AUCu-QO
900 364 997 418 mr
1021 364 1112 418 a:
1137 360 1468 419 rmum
1514 362 1656 414 no.
1684 360 2093 416 ,emnam
2566 350 2697 414 533

215 447 602 536 ‚devotione
647 447 1014 527 monebat,
1064 445 1580 537 ut‚÷spiritualia
1621 459 1821 520 anina
1864 445 2296 535 arriperent,
2344 459 2785 539 egressuram

205 591 232 602 -
288 536 560 607 rotinus
605 537 920 616 animam
937 534 1688 612 fsibiicnmmendatam
1732 532 2116 635 efficaciter
2135 538 2530 626 protecturi,
2582 551 2790 611 etex-

207 697 214 704 ,
289 624 529 696 ibituri
563 624 860 704 fideliter
887 623 1669 715 necessarium-prorsus
1694 623 1903 694 ‚interr
1922 625 2439 697 imminentium
2480 628 2788 699 hostium

219 713 724 786 erudelissima
793 713 926 785 tela
972 712 1420 790 conductum.
1469 718 1782 799 Cumque
1833 712 1923 786 in,
1952 713 2393 802 huiusmodi.
2434 717 2788 807 supplica·

221 804 445 885 ftione,
472 801 728 876 divinis
751 803 901 892 jam
932 801 1386 878 sacramentis
1408 801 1839 883 ,munitus,.et
1856 801 2391 874 -de1eorumde‘m
2430 826 2783 876 servorum

239 892 358 964 Dei
405 891 809 981 patrocinio,
837 902 916 966 et
958 891 1724 970 Dominimiseratione,
1765 887 2078 980 piissima
2109 889 2465 962 devotione
2506 917 2790 983 praesu-

240 1002 463 1061 mens,
499 1003 579 1049 ac
615 980 905 1070 proinde
954 978 1569 1050 circumstantibus
1625 978 1952 1049 omnibus
2000 977 2288 1050 multam
2332 1003 2496 1051 suae
2545 983 2788 1053 salutis

217 1067 639 1156 ,relinquens
687 1068 1044 1148 fiduciam,
1075 1068 1494 1158 expirasset,
1548 1067 1927 1140 offerebant
1974 1066 2218 1140 fratres
2262 1091 2384 1158 pro
2430 1091 2788 1141 commen-

227 1158 516 1230 :datione
554 1157 831 1232 animae
853 1155 1045 1242 ‚ejusi
1097 1178 1307 1244 quam
1357 1157 1799 1230 devotissime
1838 1166 2181 1246 poterant,
2246 1159 2585 1231 Dominici
2632 1182 2789 1231 cor-

217 1247 434 1339 ¹poris
481 1245 854 1320 salutarem
895 1245 1215 1320 hostiam.
1874 1297 1905 1312 ..

325 1339 364 1422 ξ
416 1339 574 1408 28.
655 1340 825 1405 Tum
869 1334 1099 1406 subito
1145 1333 1476 1406 inimicus
1538 1333 1888 1406 humanae
1947 1332 2238 1414 salutis,
2292 1356 2372 1405 ex
2419 1336 2783 1424 ejusdem,

227 1425 424 1500 sicut
469 1422 929 1496 indubitabile
975 1423 1245 1495 videtur
1309 1444 1462 1493 esse
1493 1476 1510 1502 ‚
1585 1422 2017 1500 liberatione·
2058 1423 2332 1496 animae
2362 1478 2377 1504 ‚
2448 1447 2659 1512 quam
2708 1446 2789 1495 ex

217 1512 480 1586 :multis
508 1512 756 1590 diebus
804 1511 1345 1602 irreparabiliter
1389 1531 1538 1582 sese
1583 1532 1963 1601 occupasse
1994 1512 2359 1594 credebat,
2414 1514 2589 1584 iram
2642 1536 2791 1584 ma-

221 1602 946 1692 ,gnam.concipiens‚
998 1601 1315 1680 eamdem
1346 1654 1361 1682 ,
1432 1599 1865 1691 permittente
1924 1601 2520 1681 Demi-crudeliter
2576 1603 2788 1672 nimis

144 1778 147 1780 Α
230 1712 584 1772 ‚exercens
630 1711 862 1760 unum.
901 1712 942 1760 e
981 1689 1335 1762 fratribus.
1368 1689 1728 1779 repentino
1770 1687 2003 1762 furore
2066 1691 2380 1778 pervasit.
2439 1691 2793 1761 Clamabat

221 1780 454 1869 ¹igitur
502 1778 866 1850 horrendis
912 1779 1198 1850 vocibus
1231 1776 1646 1849 miserabilis
1696 1777 1925 1858 home,
1979 1788 2047 1850 et
2091 1778 2198 1850 vix
2236 1779 2611 1852 multorum
2643 1801 2791 1850 ma-

225 1868 450 1940 fnihus
499 1867 884 1947 tenebatur.
913 1872 1218 1948 -Demum
1267 1889 1428 1937 cum
1465 1864 2101 1952 maximof0quidem
2150 1866 2385 1938 labore
2431 1869 2792 1958 absporta-

243 1971 379 2038 ωε,
430 1967 499 2025 et
543 1955 907 2036 inlectulo
955 1955 1309 2056 religatus,
1364 1969 1501 2026 tam
1547 1977 1678 2026 sua
1729 1973 1969 2041 quam.
1990 1955 2413 2026 adstantium
2480 1957 2792 2027 membra

233 2043 573 2134 ‚dentibus
601 2059 954 2135 appetem,
988 2044 1342 2114 dirissime
1367 2045 1766 2120 vexabatur.
1802 2049 1943 2116 Nec.
1975 2042 2365 2131 illa,·quam
2410 2045 2603 2135 prius
2632 2067 2791 2117 nos-

246 2146 371 2215 set,
425 2131 687 2222 lingua,
723 2132 845 2202 sed
889 2155 1076 2202 nova
1120 2132 1449 2218 quadarn,
1551 2155 1711 2206 uam
1780 2154 1915 2202 nee⁴
1944 2133 2370 2203 adstantium
2416 2133 2787 2220 quisquam

243 2233 544 2302 noverat,
600 2221 1052 2310 loquebatur.·
1092 2226 1172 2291 Et
1231 2243 1393 2294 cum
1445 2221 1513 2289 ni
1571 2220 1645 2301 il,
1718 2220 1900 2308 quod
1968 2220 2244 2298 diceret,
2300 2222 2786 2313 intelligerent,

246 2323 386 2384 tam
424 2310 637 2381 libere
681 2324 917 2381 tamen
968 2310 1230 2382 etsine
1287 2309 1708 2384 offendiculo
1765 2331 1903 2380 non
1952 2310 2409 2386 inconcinnas
2453 2332 2612 2380 eum
2662 2333 2790 2381 au-

229 2398 520 2471 diebant
551 2399 756 2482 edere
776 2421 995 2480 voees,
1014 2411 1111 2468 .ut
1137 2397 1614 2470 indubitanter
1633 2397 2013 2478 crederent,
2065 2398 2249 2485 quod
2284 2397 2524 2488 lingua
2556 2398 2791 2485 aliqua

235 2487 657 2575 loqueretur.
712 2494 870 2559 Post
913 2487 1304 2575 aliquantas
1351 2488 1565 2578 igitur
1607 2486 1878 2566 horas,
1929 2509 2089 2557 oum
2140 2487 2578 2558 vehementer
2623 2511 2792 2559 con-

238 2574 374 2648 susi
423 2577 692 2660 fratreS,
744 2576 914 2663 qnid
948 2598 1149 2666 agere
1180 2589 1482 2666 possent,
1523 2577 1723 2646 anxie
1755 2576 2136 2666 cogitarent
2172 2588 2239 2646 et
2285 2576 2591 2647 studiose
2621 2598 2792 2647 con-

233 2666 613 2753 quirerent,
669 2687 855 2737 unus
899 2688 980 2735 ex
1034 2666 1134 2735 eis
1180 2665 1460 2739 salubre
1518 2664 1930 2744 consilium,
1994 2665 2283 2735 Domino
2348 2664 2736 2756 inspirante
2769 2722 2784 2745 ,

235 2756 661 2843 concipiens,
701 2754 1244 2845 sacrapignora,
1291 2776 1336 2823 a
1388 2754 1648 2842 meipso
1673 2773 1924 2841 -nuper
1958 2751 2216 2825 ibidem
2274 2755 2785 2835 commendata,

237 2843 556 2917 videlicet
593 2843 680 2913 de
721 2842 998 2943 ,capillis
1042 2856 1108 2912 et
1152 2843 1392 2923 barba,
1429 2854 1498 2913 et
1523 2841 1798 2910 dentem
1832 2860 2059 2911 unum
2088 2840 2355 2913 domini
2400 2844 2532 2911 mei
2568 2844 2787 2913 sancti

237 2931 567 3001 Bernardi
600 2932 826 3001 afferri
856 2945 1108 3011 monet,
1150 2944 1216 3002 et
1260 2930 1411 3017 ejus
1488 2930 1699 3007 ectori
1732 2932 2137 3030 superponi.
2183 2931 2374 3012 Quod
2396 2943 2483 3005 vut
2531 2930 2790 3002 factum

236 3031 363 3100 est,
417 3021 825 3120 Germanica
871 3020 1110 3111 lingua
1145 3040 1266 3110 per
1300 3041 1379 3090 os
1423 2952 1616 3089 illius
1648 3032 1876 3120 coepit
1914 3018 2279 3090 horrendis
2319 3020 2604 3093 vocibus
2666 3043 2790 3090 ne-

233 3130 448 3196 quam
500 3110 788 3198 spiritus
839 3109 1259 3183 exclamare:
1314 3106 1594 3190 Tollite,
1642 3106 1908 3190 tollite,
1958 3121 2268 3178 amovete
2326 3109 2785 3179 Bernardum.

234 3203 317 3270 Et
364 3197 672 3279 dicebat:
711 3203 856 3268 Heu
917 3196 1282 3277 Bernarde,
1332 3218 1543 3284 quam
1592 3218 1951 3276 onerosus,
2012 3219 2221 3283 quam
2267 3197 2523 3298 graviS,
2575 3218 2789 3286 quam

236 3286 693 3361 intolerabilis
741 3288 962 3359 factus
1006 3308 1083 3357 es
1133 3286 1328 3355 mihil
1358 3291 1526 3357 Cum
1575 3286 1747 3356 haec
1792 3297 1860 3354 et
1893 3285 2149 3357 similia
2198 3286 2612 3374 aliquandiu
2650 3286 2794 3357 cla·-

235 3377 495 3449 mitans
544 3374 970 3462 loqueretur,
1011 3374 1271 3445 sactum
1316 3387 1417 3445 est
1466 3374 1671 3446 breve
1717 3373 2075 3447 silentium
2103 3398 2141 3443 ι,
2169 3388 2236 3445 et
2282 3376 2511 3446 subito
2576 3376 2786 3446 frater

238 3463 449 3551 idem,
506 3465 791 3537 Domino
839 3464 1231 3545 miserante,
1289 3474 1649 3554 purgatus,
1703 3463 1979 3554 aperuit.
2023 3463 2285 3545 oeulOS,
2342 3487 2423 3534 ac
2475 3464 2661 3536 velut
2698 3464 2793 3535 de
2892 3514 2899 3522 -

236 3575 483 3625 somno
511 3552 887 3642 evigilans,
937 3552 1464 3623 circumstantes
1503 3551 1748 3625 fratres
1795 3565 2042 3625 et.sua
2090 3552 2473 3643 plurimum
2506 3553 2789 3624 vincula

237 3642 641 3726 mirabatur.
701 3641 1081 3713 verecunde
1126 3640 1318 3722 satiS,
1372 3640 1707 3728 quidnam
1757 3641 1895 3712 sibi
1928 3640 2180 3715 vellent
2225 3641 2419 3723 haec,
2474 3642 2576 3711 vel
2619 3641 2788 3729 quid

239 3730 629 3812 accidisset,
689 3730 1144 3821 interrogans.
1198 3733 1292 3800 Ex
1343 3752 1428 3807 ea
1476 3730 1691 3819 igitur
1730 3730 1923 3799 -hora
1960 3730 2356 3820 pristinam
2420 3731 2782 3803 sanitatem

239 3820 492 3895 mentis
537 3833 604 3890 et
662 3819 970 3908 corporis
1019 3838 1141 3908 per
1206 3818 1385 3889 beati
1434 3819 1649 3908 patris
1722 3818 1967 3889 merita
2013 3831 2253 3891 sancta
2315 3819 2616 3909 recepit,
2688 3818 2804 3887 nil.

242 3909 552 3996 penitus,
590 3907 774 3996 quod
826 3908 896 3977 in
948 3906 1069 3977 illo
1115 3915 1253 3977 mm
1291 3907 1482 3997 gravi
1530 3928 1702 3985 casu
1732 3905 1990 3987 fecerit,
2024 3919 2173 3976 aut
2218 3906 2493 3981 locutus
2555 3906 2782 3988 fuerit,

240 3997 660 4079 recordatus.
689 4001 872 4067 Haec
898 3995 1179 4082 quidem
1221 4018 1262 4065 a
1297 3995 1498 4066 nobis
1528 3994 1614 4065 de
1644 3995 2036 4066 testimonio
2068 3994 2196 4063 viri
2229 3995 2788 4066 reverendissimi

240 4084 478 4163 Eskilli
518 4091 867 4167 Danorum
899 4084 1436 4175 Archiepiseopi,
1471 4105 1554 4155 ex
1600 4084 1959 4159 occasione
2010 4083 2211 4173 panis
2256 4106 2296 4153 a
2322 4084 2455 4155 ,Dei
2503 4084 2789 4157 homine

240 4174 606 4257 benedicti,
659 4197 797 4245 non
848 4173 997 4244 sine
1042 4171 1345 4261 quadam
1397 4172 1895 4263 anticipatione
1948 4184 2111 4243 sunt
2150 4170 2378 4242 diota:
2432 4172 2789 4245 decaetero

231 4262 381 4352 jam
412 4283 494 4332 ex
525 4264 769 4335 ordine
808 4261 1071 4350 reliqua
1091 4308 1094 4329 =
1114 4283 1641 4352 prosequamur.
2664 4328 2670 4332 .

248 4424 258 4441 ,
329 4352 569 4438 §8⁶1-
642 4358 785 4425 Non
837 4351 1039 4433 modo
1105 4363 1334 4423 autem
1386 4349 1815 4431 hominibus,
1868 4348 1986 4422 sed
2037 4349 2408 4438 pecoribus
2470 4350 2794 4423 etiamst

244 4440 576 4511 armentis
625 4455 761 4511 tarn
810 4439 1200 4527 frequenter
1244 4438 1400 4528 ejus
1447 4438 1836 4509 benedictio
1912 4437 2215 4529 profuit,
2268 4452 2347 4509 ut
2394 4440 2793 4513 monasterii
