3308 5004
735 339 864 404 676
2341 393 2350 400 .
2856 334 3071 403 ABG.
3113 334 3200 400 28

1121 563 1202 664 S.
1278 561 1818 681 AUGUSTlNl
1894 560 2314 664 HlPPON.
2392 561 2703 664 EPISC.

956 788 1056 854 ET
1137 787 1866 854 PRAESTANTISSIMI
1950 784 2383 854 ECCLESIAE
2467 747 2892 853 DOCTORIS'

1759 979 1834 1056 V
1864 979 1901 1056 I
1929 979 2000 1102 T·
2018 977 2091 1055 A

825 1197 1010 1245 snm
1057 1197 1098 1243 Α
1145 1196 1199 1244 s.
1244 1194 1529 1244 rosstmo
1575 1192 1726 1243 mus
1772 1191 2125 1257 mscirum,
2167 1192 2317 1242 nam
2362 1192 2714 1242 caumsx
2761 1191 3036 1260 mist.

1339 1389 1538 1458 mgr.
1583 1401 1764 1445 anno
1808 1390 1943 1445 430
1986 1415 2064 1427 -
2102 1387 2264 1444 Nat.
2309 1387 2495 1444 Afer.
2529 1437 2536 1446 .

739 1587 1095 1652 Pnonocus.
1168 1580 1557 1671 Inspirante
1603 1602 1835 1650 rerum
1906 1579 2222 1649 omnium
2284 1577 2537 1652 factore
2597 1591 2662 1648 et
2730 1578 3197 1668 gubernatore

654 1675 807 1741 Deo.
866 1670 999 1738 mei
1037 1691 1298 1739 memor
1331 1668 1683 1759 propositi,
1721 1690 1859 1756 quo
1918 1690 2037 1759 per
2082 1667 2370 1758 gratiam
2423 1667 2818 1748 SalvatoriS,
2892 1668 3197 1759 omnipo-
3265 1699 3266 1708 ¹

653 1759 819 1829 tenti
854 1782 933 1828 ac
981 1757 1252 1827 divinae
1277 1757 1589 1828 'trinitati
1625 1779 1751 1858 per
1785 1756 1990 1827 fidem
2026 1757 2280 1827 servire
2318 1756 2611 1839 decrevi,
2648 1768 2713 1825 et
2741 1769 2966 1827 antea
3006 1757 3192 1827 inrita
3263 1779 3266 1808 ¹

653 1848 986 1917 laicorum
1028 1860 1093 1916 et
1140 1868 1326 1916 nunc
1356 1847 1424 1915 in
1459 1846 1685 1926 officio
1715 1846 2237 1937 Episcoporum:
2272 1844 2556 1924 studens
2586 1867 2667 1915 ex
2696 1845 3188 1934 qualicumque

654 1947 932 2026 accepto
971 1934 1246 2024 ingenio
1275 1946 1340 2004 et
1370 1957 1684 2007 sermone
1715 1934 2176 2005 aedificationi
2210 1934 2530 2035 prodesse
2565 1947 2852 2004 sanctae
2905 1958 2994 2005 ac
3023 1953 3190 2005 verae
3263 1919 3266 1994 ἶ

655 2024 902 2094 Christi
935 2023 1204 2093 Domini
1238 2023 1611 2094 catholicae
1636 2024 2001 2105 Ecclesiae,
2046 2023 2132 2093 de
2170 2036 2305 2093 vita
2350 2046 2429 2093 ac
2464 2024 2777 2094 moribus
2824 2022 3186 2096 sacerdotis

653 2114 897 2213 optimi
944 2112 1331 2201 Augustini,
1382 2134 1559 2200 quae
1591 2113 1660 2183 in
1710 2113 1949 2182 eodem
2000 2112 2163 2193 vidi,
2207 2114 2295 2182 ab
2334 2110 2714 2199 eodemque
2764 2112 3042 2194 audivi,
3075 2111 3180 2182 mi·

657 2223 845 2271 nime
892 2202 1172 2271 reticere
1216 2201 1453 2271 debeo.
1507 2202 1582 2272 Id
1617 2202 1806 2272 enim
1854 2200 2060 2271 etiam
2100 2215 2256 2272 ante
2292 2223 2417 2272 nos
2462 2199 2851 2271 factitatum
2911 2202 3112 2274 fuisse
3141 2220 3180 2268 ι

652 2289 1196 2381 religiosissimis
1242 2302 1518 2362 sanctae
1570 2290 1810 2360 matris
1843 2290 2182 2361 Ecclesiae
2229 2289 2608 2360 catholicae
2655 2289 2856 2370 viris,
2911 2291 3176 2382 legimus

652 2392 719 2449 et
748 2379 1256 2470 comperimus:
1291 2379 1411 2467 qui
1457 2379 1692 2449 divino
1740 2378 1951 2449 afflati
1999 2380 2283 2469 Spiritu,
2320 2400 2636 2448 sermone
2686 2380 3030 2469 proprioa

654 2463 855 2559 stylo,
908 2481 973 2539 et
1017 2469 1307 2540 auribus
1342 2482 1408 2540 et
1454 2468 1677 2539 oculis
1716 2469 1891 2540 scire
1927 2466 2328 2550 volentium,
2373 2465 2667 2539 dicendo
2695 2481 2768 2539 et
2808 2468 3010 2540 seriae
3132 2550 3150 2563 ,

655 2558 911 2627 similia
958 2557 1425 2628 studiosorum
1492 2557 1773 2628 notitiae
1845 2557 2271 2637 intulerunt,
2341 2556 2581 2645 quales
2626 2558 2987 2645 quantique
3036 2552 3145 2625 ἀει
3263 2576 3264 2583 ’

658 2645 877 2717 sancti
922 2669 1003 2715 ex
1049 2648 1406 2716 communi
1457 2647 1730 2716 Domini
1780 2646 1998 2736 gratia
2048 2646 2118 2716 in
2171 2647 2377 2716 rebus
2428 2646 2766 2717 humanis
2817 2658 2880 2715 et
2917 2643 3142 2723 vim„
3263 2662 3264 2679 ¹

654 2746 721 2804 et
767 2757 989 2823 usque
1036 2735 1103 2804 in
1182 2734 1390 2804 finem
1445 2736 1676 2805 obitus
1743 2756 2174 2824 perseverare
2225 2748 2651 2806 meruerunt.
2735 2734 2996 2809 Idcirco
3033 2734 3156 2823 31ss

653 2845 1014 2981 guoque...
1057 2822 1141 2892 de
1165 2822 1494 2914 praedicti
1526 2822 1937 2894 venerabilis
1979 2837 2216 2907 exortu
2243 2824 2367 2893 viri
2395 2837 2461 2894 et
2499 2845 2845 2913 procursu
2876 2837 2944 2893 et
2976 2818 3162 2921 deba?

713 2935 817 2994 ne,
855 2934 1032 3001 quae
1067 2933 1188 3003 per
1232 2934 1389 2981 eum
1441 2911 1664 2987 didici
1701 2925 1766 2982 et
1813 2925 2133 3003 expertus
2166 2934 2349 2994 sum,
2397 2912 2954 3002 quamplurimis
3005 2924 3172 2999 am·

655 3001 1220 3101 ejus-inhaerens
1256 3000 1599 3081 charitati,
1654 3015 1730 3072 ut
1757 3002 2089 3072 Dominus
2134 3001 2511 3083 donaverit,
2565 3000 3164 3175 explicanduug

656 3111 867 3179 scepi.
913 3095 1278 3171 Verum,...
1332 3112 1466 3160 non
1522 3089 1857 3181 attingam
1906 3112 1989 3160 ea
2034 3090 2288 3160 omnia·
2331 3090 2726 3171 insinuare,
2783 3113 2976 3179 quae
3029 3090 3044 3103 “

655 3178 1098 3249 beatissimus
1146 3179 1573 3268 Augustinus
1608 3179 1675 3248 in
1711 3179 1858 3265 suis
1886 3179 2404 3250 Confessionum
2445 3178 2643 3250 libris
2670 3178 2759 3249 de
2809 3178 3164 3269 semetifflfi
3261 3198 3262 3213 ¹

655 3266 884 3354 qualis
915 3281 1071 3338 ante
1120 3281 1509 3358 perceptam
1557 3268 1851 3359 gratiam
1902 3267 2128 3347 suerit,
2181 3268 2546 3357 qualisque
2582 3270 2727 3360 jam
2777 3258 3180 3362 sumpti&-

655 3369 863 3438 veret,
931 3356 1336 3447 designavit.
1392 3361 1532 3426 Hoc
1571 3357 1758 3427 enim
1808 3355 2030 3426 facere
2078 3357 2314 3439 voluit,
2367 3371 2444 3428 ut
2490 3358 2586 3428 ait
2647 3357 3078 3448 Apostolus:
3109 3366 3192 3517 Ξ

659 3443 745 3529 de
795 3466 867 3515 se
913 3445 1284 3532 quisquam
1337 3445 1701 3515 hominum
1762 3451 1845 3515 su
1902 3467 1970 3515 ra
2007 3467 2218 3533 quam
2271 3468 2343 3516 se
2381 3468 2531 3517 esse
2579 3460 2890 3526 noverat,
2963 3458 3078 3519 aut

658 3555 730 3605 se
776 3532 1089 3604 auditum
1141 3534 1403 3614 suisset,
1433 3534 1737 3604 crederet
1765 3557 1842 3604 ve
1920 3544 2213 3626 putaret,
2252 3535 2663 3608 humilitatis
2710 3550 3198 3632 sanctaem
3259 3596 3260 3615 ἢ

655 3635 880 3704 utenS,
932 3635 998 3692 et
1035 3623 1182 3710 jam
1236 3622 1509 3694 nullum
1561 3623 1842 3693 fallens:
1915 3624 2030 3694 sed
2085 3624 2360 3695 laudem
2433 3646 2568 3694 non
2624 3622 2876 3706 suam,
2935 3624 3056 3697 sed
3095 3641 3188 3695 am

658 3712 953 3794 Domini,
1007 3712 1092 3782 de
1141 3712 1422 3803 propria
1464 3711 1867 3783 liberatione
1899 3735 1979 3782 ac
2029 3735 2313 3783 munere
2360 3735 2722 3800 quaerens,
2768 3736 2851 3784 ex
2907 3715 2996 3787 iis
3033 3708 3218 3787 vide--

657 3800 838 3888 licet,
880 3823 1056 3890 quae
1099 3801 1248 3892 jam
1308 3814 1745 3892 perceperat,
1815 3814 1878 3872 et
1924 3801 2257 3872 fraternas
2322 3823 2556 3892 preces
2622 3824 2927 3893 poscens
2969 3802 3058 3875 de
3115 3799 3236 3887 ἥθ’..

658 3912 837 3976 quae
881 3891 1193 3980 accipere
1237 3890 1581 3981 cupiebat.
1645 3894 2164 3962 Sacramentum
2230 3891 2442 3983 igitur
2490 3892 2717 3982 Regis,
2758 3892 2962 3980 quod
3007 3899 3256 3989 Anff.

661 3978 798 4047 lica
837 3981 1237 4061 auctoritate
1271 3979 1617 4069 prolatum
1660 3992 1783 4060 est,
1817 3979 2073 4050 bonum
2111 3993 2211 4051 est
2244 3980 2692 4052 abscondere:
2735 4004 2960 4073 opera
2987 3992 3204 4061 aum

662 4067 935 4137 Domini
985 4068 1281 4138 revelare
1327 4080 1393 4137 ct
1422 4066 1758 4148 confiteri,
1813 4067 2274 4140 honorificum
2325 4082 2452 4139 est.

750 4156 787 4243 ξ
834 4162 911 4229 1.
965 4157 1184 4249 Igitur
1232 4156 1674 4228 beatissimus
1721 4158 2149 4247 Augustinus
2195 4180 2276 4228 ex
2333 4157 2688 4251 provincia
2748 4150 3202 4259 Africanam
3257 4148 3258 4167 ¹

713 4351 777 4402 (α)
804 4351 1022 4395 Numidia
1050 4356 1108 4395 nd
1135 4352 1545 4400 Mediterraneum.
1572 4365 1699 4397 nuno
1726 4351 1844 4396 ditio
1873 4357 2095 4407 Azan-tm.
2124 4356 2362 4407 ‘rhagau
2388 4359 2546 4398 autem
2577 4359 2694 4399 urba
2726 4362 2866 4408 (qu-0
2895 4362 2948 4401 ct
2972 4356 3206 4413 m

663 4406 851 4466 Ταρωτςι
875 4406 1136 4466 scribitur).
1165 4408 1350 4449 arabico
1377 4410 1632 4450 vernaculo
1662 4412 1737 4450 eat
1764 4410 1871 4450 hod.
1901 4411 2051 4459 rajeu.
2070 4410 2293 4452 Heudoae
2314 4412 2358 4452 8.
2378 4412 2582 4452 neobu-
2604 4422 2631 4451 ι
2651 4410 2890 4463 'Vn-:gine
2903 4408 3222 4465 Am

662 4458 777 4498 dicit
795 4461 988 4503 civitate
1010 4457 1383 4510 carthaginiensi
1404 4463 1577 4504 ortum.
2537 4472 2542 4478 ·
3187 4454 3250 4499 ι’·
