3308 5004
197 347 388 415 AUG.
441 348 527 414 22
631 411 634 414 .
961 364 1042 413 nn
1087 320 1145 413 s.
1198 364 1644 414 sturnomano
1689 364 1981 414 unwan
2532 349 2659 416 565

300 447 655 521 bernaculi
689 448 1157 520 moderatione
1216 462 1547 531 servatus,
1592 449 1772 521 male
1809 449 2231 521 blandientis
2272 451 2516 522 mundi
2570 475 2747 524 nau-

197 474 419 641 ffigia
465 538 722 609 vitavit.
762 543 888 609 Per
931 539 998 607 id
1058 553 1333 630 tempus
1373 539 1770 610 Heduorum
1821 541 2062 610 civitas
2118 530 2695 630 Augustodunum
2726 599 2743 624 ,

195 643 523 717 antiquae
555 627 937 698 nobilitatis
978 627 1195 698 titulis
1224 640 1291 698 et
1320 627 1694 719 sacrilegae
1722 628 2074 719 religionis
2110 628 2355 700 referta
2392 653 2748 700 caeremo-

198 719 360 797 niis,
409 717 765 804 errorique
813 717 1140 799 servienS,
1200 716 1492 787 diversis
1600 717 1982 800 loriabatur
2027 717 2370 788 idolorum
2438 719 2740 811 templiS,

202 806 554 894 multoque
586 825 801 875 vanae
847 806 1362 905 superstitionis
1403 818 1555 876 tene
1607 818 1765 876 atur
1811 827 2084 878 amore:
2140 806 2464 898 inprimis
2516 822 2747 879 autem

200 895 710 1056 Bprecybnthiae,
741 893 1099 984 ApolliniS,
1140 907 1206 965 et
1234 896 1484 965 Dianae
1522 895 1789 965 cultum
1835 897 2063 966 studio
2096 897 2524 987 propensiori
2559 920 2748 968 com-

273 997 415 1055 ecte
467 997 647 1054 atur.
735 999 746 1008 ·

196 1008 242 1078 p
284 1076 325 1162 ξ
374 1079 463 1148 ὓ.
518 1076 933 1143 Convenerat
994 1084 1138 1141 tum
1182 1070 1266 1141 ad
1311 1073 1795 1162 Berecynthiae
1844 1074 2083 1144 matris
2126 1072 2542 1143 daemonum
2595 1097 2749 1166 pro-

193 1163 430 1233 fanam
496 1161 995 1232 solemnitatem
1064 1161 1282 1231 multa
1348 1160 1581 1252 populi
1651 1162 2054 1249 frequentia.
2127 1167 2331 1232 Porro
2395 1164 2750 1234 Heraclius

192 1250 587 1322 consularis
636 1249 700 1319 id
755 1250 1084 1352 temporis
1133 1250 1201 1319 in
1238 1272 1316 1320 ea
1367 1251 1537 1319 urbe
1568 1249 1932 1332 residebat,
1985 1250 2065 1319 ad
2114 1252 2609 1341 perquirendos
2647 1252 2751 1321 di-

193 1338 732 1426 scutiendosque
765 1339 1186 1409 Christianos
1234 1340 1646 1429 cumprimis
1696 1362 1901 1430 sagax
1936 1353 2000 1409 et
2046 1340 2389 1409 curiosus,
2426 1341 2653 1411 Adfuit
2685 1355 2751 1411 et

194 1435 362 1520 Sym
422 1428 777 1510 horianus,
809 1439 1066 1498 etcum
1105 1427 1312 1498 nollet
1343 1440 1636 1499 statuam
1676 1428 2184 1518 Berecynthiae,
2220 1450 2397 1516 quae
2422 1443 2749 1520 carpento

190 1519 366 1590 vehe
416 1529 595 1597 atur,
648 1517 1049 1607 agminibus
1083 1517 1333 1608 stipata
1373 1516 1831 1608 populorum,
1890 1538 2010 1608 per
2056 1528 2526 1608 contemptum
2582 1519 2750 1588 ado-

193 1629 376 1689 rare,
414 1604 734 1697 publicae
771 1604 1129 1676 seditionis
1228 1617 1529 1677 raetextu
1574 1606 2115 1695 comprehensus
2165 1619 2453 1688 tenetur,
2507 1619 2574 1676 et
2624 1612 2751 1677 He·
2872 1673 2877 1678 .

192 1695 413 1768 raclio
451 1694 797 1765 consulari
829 1694 1132 1765 offertur.
1206 1717 1238 1764 s
1286 1716 1442 1764 vero
1474 1717 1594 1785 pro
1632 1694 1959 1765 tribunali
1989 1695 2258 1778 sedens,
2290 1696 2384 1765 ait
2414 1696 2500 1766 ad
2534 1717 2734 1766 eum:

193 1792 454 1858 Nomen
488 1797 681 1854 tuum
706 1783 1310 1872 conditionemque
1328 1783 1600 1854 edicito,
1637 1781 1761 1853 llle
1793 1784 2166 1874 respondit:
2196 1784 2747 1874 symphorianus

195 1876 417 1954 dicor,
473 1872 901 1943 Christianus
946 1894 1129 1943 sum.
1166 1871 1389 1943 Judex
1434 1872 1642 1943 dicit:
1697 1872 2127 1944 Christianus
2173 1875 2294 1943 es?
2328 1880 2458 1943 Nos
2506 1874 2743 1974 igitur,

196 1977 278 2034 ut
312 1960 533 2041 video,
587 1960 868 2033 latuisti.
914 1960 1121 2031 Nobis
1170 1960 1380 2052 huJus
1413 1961 1714 2052 nominis
1795 1961 2080 2033 rofessio
2131 1983 2264 2031 non
2318 1984 2552 2053 magni
2603 1984 2752 2033 mo-

198 2050 418 2122 menti
468 2049 756 2121 videtur.
810 2050 936 2120 Sed
988 2072 1116 2120 cur
1167 2050 1335 2120 deae
1383 2051 1622 2120 matris
1669 2072 1706 2119 e
1784 2051 1963 2141 giem
1998 2106 2014 2133 ,
2070 2050 2354 2142 profana
2412 2051 2749 2121 abusione

200 2140 620 2230 despectam,
675 2138 963 2209 adorare
1013 2139 1339 2209 noluisti?
1400 2139 1950 2231 symphorianus
2011 2139 2410 2230 respondit:
2466 2164 2502 2206 «
2536 2140 2747 2210 Paulo

201 2240 362 2299 ante
398 2229 541 2318 jam
570 2227 737 2309 dixi,
780 2228 1210 2298 Christianus
1260 2241 1442 2298 sum.
1488 2232 1699 2299 Deum
1753 2230 1980 2300 vivum
2032 2228 2265 2309 adom,
2319 2228 2438 2315 qui
2507 2240 2750 2319 regnat

204 2319 275 2387 in
318 2317 549 2388 coelis.
590 2316 1050 2388 Simulacrum
1087 2336 1242 2386 vero
1288 2316 1647 2387 daemonis
1704 2338 1837 2385 non
1902 2315 2126 2386 solum
2172 2338 2306 2386 non
2358 2317 2592 2398 ador0,
2640 2340 2748 2387 ve·

202 2406 595 2487 rumetiam,
640 2405 699 2475 si
798 2405 1087 2475 ermittis
1129 2406 1324 2488 mihi,
1364 2404 1630 2476 malleis
1680 2403 1850 2474 illud
1907 2427 2058 2474 mea
2106 2406 2510 2475 auctoritate
2556 2428 2748 2475 com-

203 2497 592 2567 minuam.»
631 2500 723 2565 Ju
769 2517 849 2565 ex
880 2494 995 2565 ait:
1044 2499 1174 2564 Iste
1199 2498 1332 2566 non
1369 2493 1594 2565 solum
1631 2493 2037 2597 sacrilegus,
2071 2492 2188 2563 sed
2223 2494 2430 2564 etiam
2472 2493 2750 2566 rebellis

198 2598 492 2656 conatur
536 2583 845 2653 existere.
898 2587 994 2653 An
1051 2583 1260 2674 hujus
1302 2584 1429 2655 loci
1471 2583 1641 2652 civis
1695 2584 1804 2663 sit,
1844 2582 2028 2653 dicat
2067 2583 2408 2653 Officium.
2474 2583 2743 2654 Dictum

195 2688 299 2745 est
330 2674 419 2743 ab
469 2672 753 2743 Officio:
793 2673 967 2742 Hinc
1014 2684 1155 2743 est:
1193 2685 1258 2743 et
1303 2671 1582 2762 quidem
1615 2694 1697 2742 ex
1739 2672 1955 2744 nobili
2003 2671 2288 2742 familia.
2339 2672 2556 2742 Judex
2590 2674 2684 2742 ait
2723 2696 2737 2739 :

195 2767 244 2833 A
303 2761 584 2865 plaudis
618 2761 740 2831 tibi
785 2760 1615 2853 symphoriane'gloriosa
1663 2760 1916 2843 indole,
1952 2774 2016 2831 et
2071 2761 2236 2830 haec
2287 2761 2468 2831 fama
2527 2762 2753 2852 coepit

197 2853 243 2922 ti
304 2875 322 2921 ι
377 2850 508 2919 sub
557 2849 885 2941 ambiguo
948 2850 1386 2920 mendacium
1455 2849 1890 2940 persuadere.
1946 2854 2023 2920 Et
2077 2848 2359 2920 forsitan
2442 2850 2745 2941 ignoraS,

195 2939 367 3029 quid
408 2939 802 3030 Principum
848 2952 1236 3009 nostrorum
1301 2937 1572 3008 decreta
1621 2939 1998 3008 sanxerint.
2032 2943 2123 3008 Ea
2171 2960 2332 3030 ergo
2380 2938 2468 3009 ab
2516 2938 2752 3009 Officio

200 3030 596 3100 recitentur.
639 3033 912 3098 Lectum
954 3039 1057 3098 est
1093 3027 1181 3097 ab
1230 3026 1508 3098 Officio:

286 3120 325 3220 ᾗ
372 3121 466 3189 8.
520 3116 927 3187 Aurelianus
972 3117 1351 3207 (Aurelius)
1379 3120 1762 3206 Imperator
1808 3115 2237 3187 administris
2268 3127 2330 3186 et
2368 3116 2750 3187 rectoribus

198 3229 385 3277 suis:
426 3206 924 3295 Comperimus,
978 3206 1065 3274 ab
1114 3205 1222 3274 his
1268 3204 1390 3292 qui
1439 3226 1513 3275 se
1544 3205 1795 3277 nostris
1844 3205 2274 3296 temporibus
2322 3206 2748 3278 Christianos

199 3295 493 3375 dicunt,
555 3294 785 3383 legum
841 3307 1200 3384 praecepta
1259 3293 1522 3363 violari.
1588 3299 1727 3364 Hos
1774 3316 1938 3386 ergo
2000 3294 2560 3384 comprehensos,
2617 3295 2753 3366 nisi

199 3385 337 3454 diis
387 3382 641 3453 nostris
689 3383 1247 3464 sacrificaverint,
1302 3383 1592 3452 diversis
1629 3384 1867 3473 poenis
1923 3382 2237 3452 subdite:
2293 3396 2367 3454 ut
2407 3384 2655 3454 habeat
2687 3396 2753 3453 et

201 3472 540 3544 districtio
589 3471 854 3561 prolata
891 3471 1262 3561 justitiam,
1293 3484 1357 3542 et
1404 3472 1472 3540 in
1528 3473 1922 3543 resecandis
1967 3470 2385 3543 criminibus
2415 3472 2588 3543 ultio
2623 3486 2752 3542 ter-

203 3563 464 3631 minata
489 3562 636 3651 jam
687 3560 922 3629 finem.
962 3562 1177 3629 Lectis
1226 3560 1695 3652 Imperatoriis
1726 3561 1993 3643 edictis,
2013 3561 2230 3651 judex
2275 3561 2407 3631 ait:
2447 3562 2623 3645 Quid
2661 3561 2748 3630 ad

202 3649 368 3722 haec
420 3649 923 3739 symphoriane
954 3648 1186 3719 dicis?
1230 3654 1405 3720 Num
1447 3671 1819 3740 possumus
1869 3673 1993 3720 nos
2028 3650 2428 3741 Principum
2479 3651 2753 3720 decreta

205 3738 634 3810 convellere?
664 3736 924 3828 Duplex
959 3738 1081 3808 tibi
1113 3738 1375 3808 crimen
1412 3737 1833 3808 intenditur:
1873 3738 2138 3810 Videris
2168 3751 2234 3809 et
2265 3738 2551 3808 deorum
2583 3759 2751 3807 con-

206 3837 467 3920 temptu
517 3826 920 3918 sacrilegus,
957 3839 1023 3897 et
1056 3826 1283 3917 legum
1328 3827 1662 3897 abusione
1696 3838 2051 3917 protervus
2097 3839 2162 3897 et
2194 3838 2586 3897 contumax.
2622 3825 2747 3896 Sed

211 3914 339 3983 nisi
360 3917 586 4007 jussis
632 3915 1231 4004 obtemperaveriS‚
1279 3914 1446 3985 haec
1494 3928 1611 3986 tuo
1646 3917 1987 4006 sanguine
2034 3914 2414 3987 diluentur.
2456 3920 2747 3985 Sanctus

213 4004 754 4096 symphorianus
801 4004 1188 4094 respondit:
1242 4027 1278 4071 «
1334 4009 1703 4097 Nunquam
1742 4026 1868 4094 ego
1918 4004 2094 4074 hanc
2158 4016 2454 4074 statuam
2504 4004 2693 4074 aliud
2729 4058 2745 4084 ,

213 4108 409 4173 quam
446 4093 831 4164 diabolicae
863 4091 1330 4183 persuasionis
1361 4092 1742 4163 infaustum
1780 4092 2261 4174 simulacrum,
2314 4106 2381 4162 et
2429 4091 2752 4184 publicae

215 4179 612 4264 perditionis
658 4181 1118 4253 execrandum
1181 4179 1588 4251 daemonem
1639 4180 1921 4272 putabo.
1978 4186 2055 4251 In
2107 4182 2319 4251 chaos
2377 4193 2750 4251 tartareum

219 4269 493 4364 proclivi
542 4272 787 4342 semita
835 4269 1241 4362 prolabitur,
1290 4268 1608 4371 quisquis
1656 4269 2109 4351 Christianus,
2161 4268 2510 4343 damnatis
2566 4270 2753 4361 prio-

219 4352 405 4451 ribus
437 4360 900 4449 passionibus,
941 4358 1027 4429 ad
1065 4358 1247 4429 mala
1275 4358 1633 4429 deterloris
1675 4359 1848 4430 vitae
1885 4380 2281 4439 conversuS,
2321 4371 2498 4429 retro
2528 4359 2750 4449 respi-

218 4452 352 4511 clt:
412 4448 778 4538 statimque
824 4448 1022 4519 devio
1074 4448 1301 4539 gradu
1325 4448 1668 4536 jactatuS,
1739 4459 1804 4518 et
1865 4448 2088 4537 parati
2157 4448 2469 4519 muneris
2528 4449 2751 4540 gratia
