3308 5004
656 319 790 384 258
1453 336 1532 385 me
1579 336 1638 384 s.
1690 333 1947 392 sonmo
1992 335 2232 383 Annus
2785 318 2975 386 AUG.
3029 320 3101 386 ll

561 441 740 511 opus
778 419 958 490 dona
992 419 1462 509 praeveniunt.
1502 421 1823 507 quamvis
1871 441 1952 490 ex
1985 419 2432 506 subsequenti
2463 441 2667 511 opere
2714 420 2865 511 ipsa
2897 422 3108 493 etiam

563 509 751 580 dona
793 520 1261 579 succrescunt.

653 599 690 686 ἓ
736 601 823 671 4.
874 602 967 668 Ne
1029 609 1255 668 tamen
1323 596 1498 666 vitae
1544 596 1696 687 ejus
1743 595 2135 687 cognitione
2196 594 2538 666 frauderis
2585 596 2643 680 ⁴²,
2698 597 2871 669 bene
2926 599 3109 670 hanc

560 685 1179 758 reverendissimus
1211 684 1314 755 vir
1359 683 1669 766 AlbinuS,
1727 685 2053 760 Reatinae
2099 685 2383 756 antistes
2431 685 2797 769 Ecclesiae,
2855 711 3114 779 cogno-

560 775 680 857 vit,
732 786 799 845 et
855 775 1088 846 adhuc
1133 787 1509 865 supersunt
1567 773 1811 857 multi,
1875 774 1996 862 qui
2045 774 2221 844 scire
2290 787 2687 865 potuerunt.
2742 775 2869 847 Sed
2935 778 3108 865 quid

563 865 724 956 plus
772 864 1048 952 quaeris
1095 863 1362 954 operis,
1428 862 1710 951 quando
1788 862 2251 933 concordabat
2312 863 2487 933 vitae
2557 865 2901 935 munditia
2948 889 3112 937 cum

564 952 791 1024 studio
840 951 1418 1054 praedicationis?
1464 958 1721 1022 Tantus
1752 952 2011 1042 quippe
2046 951 2244 1021 illum
2295 951 2523 1023 fervor
2546 952 2634 1023 ad
2684 953 3113 1045 colligendas

564 1046 697 1112 Deo
742 1063 1012 1113 animas
1059 1041 1507 1123 accenderat,
1558 1052 1638 1110 ut
1684 1040 1785 1111 sic
1851 1041 2286 1113 monasteriis
2333 1054 2708 1132 praeesset,
2763 1055 3112 1131 quatenus

611 1153 687 1200 er
717 1130 1064 1213 ecclesias,
1105 1153 1227 1232 per
1256 1142 1503 1212 castra,
1555 1152 1678 1221 per
1725 1129 1933 1211 vicos,
1988 1152 2109 1222 per
2139 1130 2575 1222 singulorum
2616 1153 2892 1219 quoque
2937 1132 3113 1202 fide-

592 1220 736 1289 ium
786 1219 1030 1290 domos
1062 1240 1603 1308 circumquaque
1652 1219 2094 1300 discurreret,
2146 1231 2212 1290 et
2266 1219 2475 1290 corda
2532 1219 2968 1291 audientium
3017 1221 3113 1291 ad

562 1330 867 1379 amorem
911 1308 1167 1398 patriae
1204 1307 1515 1380 coelestis
1561 1308 1906 1379 excitaret.
1943 1313 2101 1379 Erat
2133 1329 2289 1379 vero
2332 1308 2525 1378 valde
2573 1308 2729 1379 vilis
2777 1309 2849 1379 in
2900 1311 3109 1380 vesti-

561 1398 719 1479 buS,
771 1409 975 1484 atque
1003 1396 1093 1467 ita
1144 1396 1532 1488 despectuS,
1570 1409 1650 1468 ut
1690 1397 1749 1467 si
1779 1396 1938 1485 quis
1984 1396 2183 1467 illum
2225 1396 2511 1469 fortasse
2558 1398 2874 1478 nesciret,
2919 1399 3111 1468 salu-

563 1498 745 1557 tatus
774 1486 976 1556 etiam
1016 1486 1390 1556 resalutare
1420 1485 1846 1577 despiceret:
1879 1497 1946 1556 et
1967 1487 2235 1574 quoties
2281 1486 2419 1556 alia
2451 1485 2767 1557 tendebat
2800 1487 2888 1556 ad
2927 1486 3104 1570 loca,

555 1575 868 1664 jumento
917 1574 1149 1645 sedere
1220 1588 1709 1656 consueverat,
1772 1574 1957 1663 quod
2022 1596 2172 1644 esse
2230 1574 2728 1665 despicabilius
2776 1576 3110 1648 omnibus

554 1663 894 1755 jumentis
941 1664 1012 1733 in
1062 1662 1234 1733 cella
1283 1663 1658 1754 potuisset:
1713 1664 1783 1734 in
1823 1685 1961 1752 quo
1990 1663 2195 1733 etiam
2244 1664 2543 1754 capistro
2590 1685 2715 1764 pro
2772 1663 2989 1747 freno,
3042 1679 3112 1736 et

561 1773 927 1823 vervecum
1001 1752 1303 1842 pellibus
1362 1774 1487 1843 pro
1553 1752 1724 1823 sella
1788 1752 2131 1824 utebatur.
2183 1757 2307 1821 Per
2367 1765 2816 1843 semetipsum
2876 1775 3113 1825 sacros

561 1841 856 1924 codiceS‚
902 1841 971 1909 in
1010 1840 1314 1931 pelliceis
1362 1841 1661 1913 sacculis
1711 1841 1981 1921 missos,
2033 1840 2270 1911 dextro
2309 1840 2636 1929 laevoque
2670 1843 2982 1932 portabat
3011 1842 3114 1912 la-

565 1945 753 2001 tere:
791 1944 855 2000 et
882 1951 1321 2017 quocumque
1368 1930 1808 2020 pervenisset,
1864 1929 2366 2021 scripturarum
2416 1930 2765 2020 aperiebat
2817 1929 3102 2014 fontem,

563 2032 628 2090 et
675 2019 942 2110 rigabat
979 2031 1177 2120 prata
1211 2019 1570 2089 mentium.

650 2110 686 2195 ἓ
732 2116 819 2180 5.
873 2112 1095 2199 HuJus
1153 2129 1427 2195 quoque
1491 2108 1727 2199 opinio
1789 2106 2317 2198 praedicationis
2378 2107 2467 2177 ad
2514 2112 2863 2186 Romanae
2909 2108 3112 2181 urbis

562 2196 875 2266 notitiam
927 2196 1254 2286 pervenit,
1291 2209 1518 2284 atque,
1564 2208 1641 2267 ut
1676 2209 1777 2267 est
1825 2196 2066 2288 lingua
2110 2196 2572 2278 adulantium,
2611 2197 2947 2269 auditoris
2994 2199 3111 2268 sui

562 2285 874 2355 animum
926 2285 1402 2376 amplectendo
1443 2307 1739 2356 necans:
1791 2307 1870 2355 eo
1919 2298 2221 2375 tempore
2281 2285 2514 2355 clerici
2563 2285 2775 2376 hujus
2820 2292 3110 2376 Aposto-

562 2374 733 2444 licae
783 2373 973 2445 Sedis
1005 2374 1300 2444 Antistiti
1346 2374 1698 2446 adulando
1744 2375 1966 2462 questi
2000 2386 2187 2457 sunt,
2232 2373 2581 2445 dicentes:
2622 2375 2789 2457 Quis
2835 2387 2938 2445 est
2976 2375 3108 2446 iste

558 2464 666 2534 vir
712 2463 1037 2545 rusticus,
1089 2464 1209 2553 qui
1243 2465 1717 2535 auctoritatem
1768 2463 1899 2536 sibi
1940 2463 2470 2556 praedicationis
2499 2463 2817 2555 arripuit,
2856 2476 2920 2535 et
2950 2463 3108 2534 offi-

558 2554 746 2624 cium
794 2552 1161 2643 Apostolici
1221 2554 1437 2625 nostri
1484 2554 1750 2624 domini
1813 2553 2088 2624 sibimet
2134 2553 2456 2624 indoctus
2517 2575 2857 2643 usurpare
2909 2576 3104 2643 prae-

559 2643 825 2713 sumit?
858 2643 1162 2713 Minatur
1193 2664 1377 2744 ergo,
1434 2643 1493 2712 si
1532 2642 1777 2733 placet,
1840 2643 1962 2730 qui
2014 2642 2152 2713 huc
2206 2665 2365 2712 eum
2431 2641 2768 2723 exhibeat,
2824 2644 3103 2730 utquid

558 2732 649 2802 sit
677 2731 1196 2803 Ecclesiasticus
1249 2754 1456 2823 rigor,
1495 2744 1842 2823 agnoscat.
1898 2732 2086 2801 Sicut
2132 2743 2359 2801 autem
2411 2731 2624 2801 moris
2672 2742 2796 2812 est,
2856 2743 2933 2801 ut
2984 2753 3107 2801 oc-

556 2832 806 2910 cupato
855 2821 923 2889 in
978 2820 1213 2891 multis
1253 2821 1510 2902 animo,
1546 2819 1852 2890 adulatio
1882 2818 2078 2889 valde
2104 2819 2455 2909 subrepat,
2491 2819 2550 2888 si
2577 2819 2663 2890 a'b
2691 2821 2842 2911 ipso
2871 2819 3100 2890 cordis

556 2908 729 2978 ostio
779 2930 1212 2996 nequaquam
1247 2907 1451 2978 fuerit
1496 2909 1703 2980 citius
1752 2908 2062 2998 repulsa,
2119 2908 2573 2980 suadentibus
2619 2908 2890 2979 clericis
2938 2930 3102 2978 con-

558 3017 840 3067 sensum
891 2996 1195 3066 Pontifex
1227 2998 1565 3086 praebuit,
1618 3008 1694 3066 ut
1741 2996 1825 3065 ad
1869 3001 2248 3066 Romanam
2307 2998 2552 3067 urbem
2602 2996 2764 3068 duci
2813 2997 3101 3067 debuis—

556 3095 694 3154 set:
728 3096 793 3154 et
879 3106 1172 3155 uaenam
1206 3109 1334 3155 sua
1362 3098 1538 3156 esset
1568 3106 1918 3164 mensura,
1955 3097 2421 3175 cognosceret.
2458 3087 2506 3155 J
2513 3085 2829 3157 ulianum
2862 3098 3094 3161 tamen

556 3185 721 3242 tunc
755 3171 838 3241 de
868 3196 1181 3244 ensorem
1237 3176 1535 3256 mittenS,
1572 3174 1694 3262 qui
1743 3173 2101 3244 Sabinensi
2152 3172 2491 3245 Ecclesiae
2530 3174 2968 3265 postmodum
3020 3175 3095 3244 in

555 3261 958 3352 episcopatu
990 3261 1304 3352 praefuit,
1360 3263 1489 3332 hoc
1553 3262 1920 3353 praecepit,
1965 3274 2040 3332 ut
2092 3285 2254 3332 cum
2321 3285 2572 3355 magno
2627 3285 2788 3334 eum
2837 3263 3100 3334 honore

557 3348 945 3431 deduceret,
991 3373 1075 3420 ne
1107 3372 1315 3438 quam
1369 3352 1485 3420 Dei
1518 3350 1823 3421 famulus
1861 3372 1941 3420 ex
1987 3351 2436 3422 conventione
2481 3351 2721 3422 eadem
2764 3352 3094 3443 injuriam

554 3438 857 3509 sentiret.
912 3441 1042 3522 Qui
1091 3442 1329 3530 parere
1375 3439 1461 3508 de
1497 3462 1576 3510 eo
1622 3439 2031 3510 clericorum
2083 3440 2253 3511 votis
2301 3440 2616 3512 concitus
2656 3440 2926 3520 volens,
2990 3439 3091 3509 fe-

555 3526 732 3597 stine
764 3527 849 3597 ad
884 3529 1034 3617 ejus
1074 3528 1568 3618 monasterium
1618 3529 1949 3612 cucurrit,
2005 3529 2236 3617 ibique
2283 3530 2562 3599 absente
2610 3528 2729 3599 illo
2777 3529 3094 3615 antiqua-

553 3616 694 3686 rios
728 3617 1103 3687 scribentes
1150 3618 1442 3708 reperit:
1481 3617 1602 3688 ubi
1635 3618 1860 3689 Abbas
1888 3632 2086 3699 esset,
2143 3619 2528 3706 requisivit.
2563 3618 2695 3702 Qui
2740 3618 3087 3688 dixerunt:

551 3709 628 3776 In
671 3705 846 3776 valle
893 3705 1044 3787 hac,
1099 3728 1274 3792 quae
1322 3707 1735 3777 monasterio
1765 3708 2094 3798 subjacet,
2137 3706 2415 3778 foenum
2448 3719 2653 3778 secat.
2708 3707 2899 3777 Idem
2936 3729 3096 3777 vero

547 3793 873 3865 Julianus
921 3797 1298 3886 superbum
1348 3796 1543 3867 valde
1575 3810 1778 3884 atque
1824 3807 2299 3867 contumacem
2338 3817 2630 3896 puerum
2668 3794 2932 3876 habuit,
2976 3795 3096 3867 cui

548 3885 659 3954 vix
698 3896 958 3974 poterat
989 3884 1091 3954 vel
1138 3884 1289 3976 ipse
1335 3885 1703 3955 dominari.
1741 3890 1941 3956 Hunc
1988 3907 2151 3977 ergo
2203 3885 2412 3967 misit,
2466 3897 2543 3955 ut
2589 3884 2819 3976 ipsum
2871 3883 2955 3954 ad
3012 3907 3090 3955 se

549 3973 680 4044 sub
726 3973 1067 4044 celeritate
1116 3973 1541 4064 perduceret.
1584 3974 1881 4045 Perrexit
1918 3996 2109 4065 puer,
2162 3987 2228 4044 et
2278 3985 2588 4064 protervo
2628 3973 2877 4065 spiritu
2930 3994 3090 4062 pra-

547 4072 694 4132 tum
748 4062 1062 4133 velociter
1091 4062 1469 4154 ingressus,
1511 4063 1961 4151 hominesque
2010 4063 2150 4134 illic
2184 4063 2463 4133 intuens
2511 4062 2789 4133 foenum
2841 4083 3086 4132 secan-

545 4159 669 4232 tes,
722 4151 1076 4241 requisivit
1130 4152 1451 4240 quisnam
1500 4164 1677 4224 esset
1724 4152 2062 4241 Equitius.
2115 4158 2398 4240 Moxque
2445 4164 2521 4222 ut
2568 4150 2873 4231 audivit,
2925 4151 3091 4238 quis

546 4251 744 4320 esset,
782 4262 937 4310 eum
982 4241 1210 4311 adhuc
1259 4241 1460 4399 lonffe
1505 4242 1770 4332 positus
1802 4241 2135 4332 adspexit,
2172 4254 2238 4311 et
2269 4241 2608 4310 immenso
2645 4242 2887 4311 timore
2933 4261 3091 4309 cor-

547 4337 782 4416 reptus
829 4331 1050 4420 coepit
1097 4331 1338 4400 timore
1412 4352 1785 4413 assescere,
1838 4352 2044 4418 seque
2090 4329 2324 4421 ipsum
2375 4330 2644 4401 nutanti
2696 4351 2939 4420 gressu
2978 4329 3091 4399 vix

598 4453 625 4480 ⁸
652 4451 728 4494 Ait
746 4455 801 4495 ad
821 4453 1217 4505 interloquentem
1236 4459 1428 4500 Petrum
1447 4459 1706 4500 Diaconum
1727 4459 1998 4509 Gregorius.
