3308 5004
676 323 806 394 568
1477 341 1556 388 ne
1604 341 1663 390 s.
1716 339 1983 390 rmvuo
2029 338 2234 390 nise.
2829 320 3028 389 AUG.
3078 323 3173 388 21

583 425 689 495 vir
720 437 869 497 tum
917 423 1274 517 religionis
1319 423 1549 504 studio
1596 424 1894 509 fervenS,
1928 437 2075 497 tum
2100 425 2187 502 de
2231 424 2462 513 quiete
2492 423 2830 506 solicitus,
2883 425 2956 496 in
2991 426 3170 517 eJus

584 514 840 585 montis
900 513 1316 603 supercili0,
1367 514 1550 602 quod
1607 512 1713 584 illi
1762 513 1988 584 viculo
2044 514 2558 604 supereminet,
2610 527 2926 605 cryptam
3012 514 3167 587 sibi

583 603 833 694 grandi
868 602 1097 674 studio
1125 614 1192 673 et
1218 601 1320 672 ele
1371 602 1515 673 anti
1548 625 1756 694 opere
1799 602 2114 684 confecit,
2152 603 2225 673 in
2265 616 2407 691 qua
2454 614 2788 694 perpetuo
2818 625 3157 688 manenS,

582 714 727 762 nun
780 713 943 762 uam
978 691 1140 761 inde
1188 713 1231 783 p
1367 691 1466 774 iit,
1524 693 1661 764 nisi
1706 713 1866 762 cum
1916 692 2005 762 ad
2055 691 2325 783 agenda
2430 713 2506 763 ro
2560 713 2752 762 more
2797 691 3157 764 solemnia

579 802 738 872 egre
788 791 1039 850 eretur.
1102 784 1270 851 Cum
1319 801 1394 850 se
1439 802 1601 872 ergo
1647 778 1795 868 jam
1844 780 2069 850 dictae
2126 778 2323 851 urbis
2438 779 2708 851 omines
2755 778 2829 851 in
2876 780 3157 853 Gredo-

581 870 817 939 nensis
843 870 1148 960 (Grezes)
1192 869 1447 940 montis
1482 869 1870 940 munitione
1915 868 2389 952 inclusissent,
2421 882 2741 940 sanctum
2782 869 3150 941 Privatum

579 959 1022 1050 Episcopum,
1075 958 1147 1028 in
1194 957 1374 1047 ejus,
1398 979 1622 1053 ,quam
1669 957 2000 1041 diximuS,
2037 970 2320 1050 cryptae
2358 956 2815 1049 receptaculo,
2860 958 3151 1030 hostilis

577 1046 771 1124 furor
815 1046 1108 1138 reperit:
1162 1046 1234 1116 in
1297 1069 1438 1135 qua
1485 1045 1602 1117 ille
1647 1046 1952 1140 degens,
2006 1046 2165 1118 licet
2228 1046 2791 1119 Gredonensibus
2852 1069 3157 1140 corpore

581 1158 720 1208 non
769 1136 1080 1217 adesset,
1131 1137 1438 1206 oratione
1509 1146 1738 1207 tamen
1804 1157 1941 1206 non
1989 1134 2230 1207 defuit.
2283 1141 2453 1208 Nam
2502 1158 2677 1225 quos
2744 1137 3146 1227 praesentia

580 1246 706 1295 sua
752 1224 1093 1297 consolari
1144 1246 1280 1295 non
1378 1236 1616 1307 oterat,
1658 1223 1910 1317 spiritu
1955 1223 2383 1296 confovebat.

666 1316 704 1404 ξ
748 1319 842 1387 8.
895 1318 1162 1385 Interea
1200 1247 1483 1384 But-fleri
1516 1314 1867 1404 regionem
1895 1335 2174 1384 omnem
2225 1336 2311 1405 po
2365 1311 2707 1385 ulabundi
2750 1336 3142 1406 pervagan-

582 1414 715 1483 tur,
768 1415 833 1473 et
883 1402 1155 1473 tandem
1189 1401 1275 1472 ad
1311 1402 1819 1474 Gredonensem
1871 1402 2099 1474 locum
2149 1425 2277 1473 con
2339 1414 2537 1486 uunt,
2593 1424 2729 1472 non
2779 1403 3008 1474 solum
3062 1405 3139 1476 in

577 1512 659 1562 eo
707 1492 1094 1583 indigenas,
1157 1491 1276 1562 sed
1331 1492 1538 1563 etiam
1585 1504 1850 1563 exteros
1899 1490 2193 1583 populos
2241 1490 2616 1563 obsessuri.
2679 1494 2847 1561 Cum
2895 1506 3136 1564 autem

577 1580 957 1672 permultos
1006 1580 1372 1670 primarios
1422 1580 1602 1652 viros
1648 1601 1732 1652 ex
1759 1579 1918 1651 aliis
1964 1580 2389 1672 regionibus,
2438 1600 2521 1653 eo
2551 1602 2625 1650 se
2668 1580 3128 1665 conferentes»,

573 1668 813 1741 eadem
848 1667 1207 1742 obsidione
1234 1674 1645 1760 premerent,
1685 1691 1823 1740 non
1855 1668 2082 1741 solum
2115 1691 2390 1742 omnem
2422 1668 2558 1741 sibi
2590 1670 3134 1761 expugnationis

574 1780 793 1850 spem,
846 1758 968 1828 sed
1015 1759 1223 1829 etiam
1261 1780 1349 1850 op
1404 1758 1716 1850 ugnandi
1763 1758 2055 1841 aditum,
2097 1758 2550 1849 praeclusere.
2592 1762 2833 1846 Itaque
2879 1760 3133 1834 incerti

570 1859 636 1918 et
669 1847 874 1938 plane
902 1846 1024 1918 des
1075 1847 1336 1919 erabun
1394 1848 1438 1928 i,
1480 1847 1739 1920 feroces
1786 1847 2059 1919 animos
2103 1847 2596 1930 adhibuerunt,
2654 1860 2730 1917 ut
2758 1870 2935 1936 quos
2983 1872 3133 1921 ma-

572 1957 710 2026 gno
740 1956 867 2006 suo
915 1958 1028 2008 ma
1058 1958 1099 2007 o
1148 1935 1585 2020 vallaverant,
1637 1935 1968 2008 diuturno
2016 1949 2323 2028 tempore
2352 1936 2629 2008 clausos
2666 1947 3025 2009 tenerent:
3066 1950 3136 2011 et

571 2025 694 2113 qui
744 2024 809 2094 vi
854 2024 1237 2116 expugnari
1286 2047 1423 2095 non
1474 2027 1777 2116 possent,
1814 2023 1915 2098 vel
1948 2025 2128 2097 fame
2156 2025 2612 2118 compellente
2650 2025 3120 2099 vincerentur.

573 2117 751 2185 Dum
801 2124 1029 2184 autem
1066 2114 1134 2183 in
1187 2113 1315 2183 hac
1361 2114 1741 2185 intentione
1789 2115 2187 2205 persistunt,
2227 2114 2412 2186 fama
2458 2113 2544 2184 ad
2590 2135 2709 2186 eos
2751 2115 3118 2204 perfertur,

573 2203 995 2293 Episcopum
1027 2202 1325 2294 regionis
1348 2203 1501 2295 ejus
1532 2225 1669 2274 non
1703 2225 1852 2274 esse
1878 2226 2039 2275 cum
2059 2202 2381 2285 obsessiS,
2411 2202 2527 2274 sed
2557 2203 2629 2273 in
2664 2203 3128 2295 receptacu10,

576 2291 759 2380 quod
793 2292 983 2382 pacis
1031 2304 1161 2362 tem
1263 2314 1334 2362 re
1379 2292 1514 2363 sibi
1552 2291 1845 2374 fecisset,
1902 2293 2342 2365 commorari.
2400 2296 2494 2363 Eo
2538 2306 2915 2382 comperto,
2972 2316 3131 2366 mox

578 2380 663 2450 ad
700 2379 1111 2471 rapiendum
1145 2382 1167 2451 i
1199 2380 1345 2451 lum
1395 2381 1623 2454 hostes
1654 2380 2000 2464 advolant,
2038 2403 2118 2451 ea
2167 2382 2270 2453 vel
2322 2381 2618 2453 maxime
2656 2403 2803 2472 spe,
2846 2382 3039 2470 quod
3069 2384 3132 2454 si

578 2468 695 2541 ille
728 2470 986 2542 veniret
1025 2471 1094 2541 in
1130 2492 1381 2541 manus
1434 2472 1774 2562 ipsorum,
1814 2469 2024 2559 idque
2079 2469 2344 2544 obsessi
2391 2482 2909 2562 cognoscerent,
2960 2494 3128 2544 con-

577 2559 772 2631 tinuo
840 2582 1080 2631 eorum
1151 2561 1371 2630 animi
1434 2560 1958 2653 frangerentur,
2029 2572 2236 2648 atque
2281 2559 2368 2630 ad
2437 2582 2589 2630 eam
2653 2560 3131 2633 conditionem

576 2660 818 2740 sponte
864 2648 1382 2732 descenderent,
1416 2670 1558 2737 qua
1604 2671 1809 2721 suum
1849 2648 2156 2721 viderent
2201 2648 2576 2720 antistitem
2646 2648 2884 2720 teneri.
2947 2655 3131 2722 Eunt

573 2760 735 2829 ergo
768 2737 1126 2809 confestim
1160 2737 1246 2808 ad
1296 2751 1635 2831 cryptam,
1687 2737 2180 2829 deponantque
2227 2750 2544 2811 sanctum
2581 2736 2806 2807 virum
2859 2738 2933 2809 in
2980 2737 3125 2809 col-

574 2825 733 2908 lem,
786 2829 909 2915 qui
955 2839 1101 2897 erat
1145 2827 1325 2898 inter
1391 2841 1696 2898 montem
1744 2838 1811 2898 et
1854 2826 2259 2909 ecclesiam,
2313 2826 2386 2898 in
2433 2848 2574 2914 quo
2619 2826 2969 2913 quoddam
3017 2838 3121 2899 est

574 2914 1207 3007 propugnaculum,
1257 2915 1374 2986 cui
1422 2915 1692 2987 Tutoris
1730 2937 1982 2987 nomen
2033 2927 2341 2987 vetustus
2390 2914 2707 2986 conditor
2761 2916 3102 3007 imposuit.

573 3009 844 3075 Etcum
894 3004 1014 3086 ibi,
1052 3016 1128 3074 ut
1173 3005 1626 3075 barbarorum
1680 3003 1883 3075 habet
1919 3004 2022 3075 vel
2072 3004 2466 3086 necessitas,
2510 3002 2613 3074 vel
2660 3002 3097 3082 consuetudo,

577 3114 701 3183 per
740 3093 1177 3183 interpretem
1217 3104 1497 3163 sanctus
1557 3093 1660 3163 vir
1704 3093 2257 3186 compellaretur,
2299 3092 2731 3180 disceretque
2775 3115 2857 3164 ea
2902 3095 3112 3162 causa

574 3203 649 3251 se
699 3182 1068 3273 perniciter
1113 3195 1420 3272 captum,
1458 3193 1536 3253 ut
1574 3203 1861 3252 suorum
1919 3182 2191 3253 animos
2228 3182 2317 3253 ad
2365 3181 2785 3253 deditionem
2838 3203 3114 3274 persua-

574 3269 768 3340 sione
816 3292 943 3342 sua
995 3281 1404 3361 permoveat,
1451 3270 1860 3360 plebemque
1902 3283 1972 3343 et
2016 3271 2133 3342 Dei
2191 3285 2259 3342 et
2303 3270 2439 3342 loci
2485 3271 2820 3342 beneficio
2873 3282 3114 3353 tutam,

572 3358 657 3428 ad
700 3371 1150 3449 spontaneam
1187 3360 1648 3449 captivitatem
1699 3359 1716 3428 i
1775 3380 1848 3431 se
1892 3360 2209 3452 captivus
2255 3359 2595 3432 adducat:
2635 3359 2993 3452 respondit
3040 3381 3115 3430 se

572 3446 702 3517 hoc
749 3469 1189 3537 nequaquam
1226 3447 1598 3528 facturum,
1627 3470 1669 3518 a
1748 3470 1985 3519 rmans
2020 3470 2145 3520 nec
2184 3449 2603 3524 sacerdotem
2649 3471 2773 3550 par
2799 3472 2954 3521 esse
2979 3449 3115 3520 tale

570 3556 737 3606 suae
786 3536 970 3628 plebi
1002 3536 1325 3627 praebere
1362 3537 1759 3620 consilium,
1799 3560 1924 3608 nec
1952 3536 2312 3629 populum,
2350 3537 2500 3610 loco
2549 3538 2896 3609 tutissimo
2926 3560 3119 3608 corn·

570 3637 980 3709 morantem,
1018 3626 1351 3696 deditioni
1389 3626 1662 3698 animos
1708 3626 2363 3697 accomodaturum:
2422 3627 2778 3715 satiusque
2824 3627 2991 3708 fore,
3046 3626 3119 3696 in

568 3714 851 3802 quaevis
890 3715 1118 3807 ipsum
1153 3715 1562 3787 discrimina
1597 3716 1876 3807 conjici,
1926 3737 2138 3804 quam
2173 3715 2261 3787 ad
2294 3715 2426 3787 tale
2472 3715 2743 3787 facinus
2794 3716 3119 3808 praebere

565 3826 1012 3875 consensum.

647 3895 686 3982 §
732 3898 820 3967 4.
872 3899 964 3965 Eo
1014 3916 1342 3985 responso
1374 3893 1653 3966 barbari
1700 3893 2054 3975 commoti,
2107 3893 2339 3965 statim
2389 3915 2549 3964 eum
2612 3892 2916 3965 fustibus
2964 3915 3119 3964 cae·

562 3980 759 4064 dunt,
818 3983 1193 4072 multisque
1246 3996 1478 4054 actum
1530 3983 1956 4067 verberibus,
2011 3983 2097 4053 ad
2150 3983 2377 4055 vicum
2430 4004 2649 4070 usque
2701 3983 3112 4073 perducunt,

562 4071 697 4141 sibi
741 4094 1146 4163 persuasum
1178 4073 1532 4154 habentes,
1564 4094 1728 4144 eum
1765 4071 1865 4142 vel
1900 4085 2051 4163 post
2099 4072 2448 4165 supplicia
2500 4072 2910 4141 sententiam
2965 4094 3119 4140 mu·

568 4171 898 4231 taturum.
950 4167 1025 4233 At
1073 4162 1189 4232 ille
1239 4163 1306 4231 in
1355 4160 1593 4231 eadem
1648 4183 1808 4231 voce
1858 4162 2272 4251 persistens,
2330 4161 2460 4232 hoc
2508 4159 2735 4230 solum
2798 4158 3111 4239 addidit,

572 4250 874 4338 potuisse
915 4251 1053 4322 illis
1092 4250 1302 4321 semel
1336 4250 1519 4321 dicta
1567 4252 1906 4333 sufficere,
1944 4250 2003 4322 si
2042 4273 2179 4339 qua
2229 4249 2592 4340 prudentia
2647 4248 2747 4319 vel
2790 4248 3115 4318 humani-

575 4348 704 4407 tate
745 4353 972 4410 essent
1019 4340 1350 4431 praediti:
1404 4340 1541 4411 sibi
1576 4363 1754 4421 vero,
1810 4340 1995 4428 quod
2043 4341 2130 4411 ab
2180 4340 2327 4429 ipso
2379 4351 2761 4430 poscerent,
2828 4337 3115 4405 minime

582 4424 804 4496 licere.
869 4433 1039 4497 Tum
1110 4428 1215 4497 illi
1279 4430 1521 4520 majori
1598 4430 2073 4521 indignatione
2138 4429 2443 4511 accensi,
2499 4428 2755 4518 quippe
2828 4425 3111 4495 rationis
