3308 5004
254 298 441 365 ΑΗΕ.
481 297 564 363 40
742 316 822 363 ΒΕ
869 315 961 365 ss,
1015 316 1131 363 ιιι.
1184 316 1362 364 srxro
1410 317 1506 363 rr.
1558 315 1636 363 m·
1683 315 2038 364 Lauamrro
2086 316 2309 364 Lavru
2596 299 2725 368 235

260 396 634 467 illuminet.
685 396 1398 497 Impressoquexsigno
1428 395 1677 466 Christi
1712 396 1780 465 in
1818 395 2056 466 oculos
2102 397 2280 487 ejuS,
2342 397 2515 468 vidit
2577 397 2812 469 lumen

263 499 330 556 et
373 485 651 556 beatum
701 485 1173 568 Laurentium,
1217 497 1397 556 sicut
1429 485 1620 573 petiit
1646 483 1706 553 *.

344 577 382 662 ἓ
427 580 578 647 12.
631 574 879 644 Exiens
917 585 1145 644 autem
1196 573 1358 643 inde
1410 573 1653 644 beatus
1717 573 2169 651 Laurentius,
2231 574 2498 646 audivit
2543 575 2615 646 in
2665 576 2815 648 vico

256 663 524 743 Pau-itii
561 662 815 733 multos
864 661 1283 733 Christianos
1329 662 1402 732 in
1451 674 1694 753 crypta
1726 662 2100 752 Nepotiana
2148 662 2511 735 adunatos.
2566 670 2657 735 Eo
2703 688 2817 735 ac-

260 751 515 824 cedens
562 773 722 822 cum
776 752 983 823 rebus
1029 773 1207 838 quae
1252 763 1481 822 essent
1527 750 1786 822 sanctis
1836 751 2284 834 necessariae,
2328 755 2666 845 comperit
2717 755 2816 824 ibi

269 862 418 911 esse
448 841 769 911 homines
809 840 1188 932 promiscui
1221 861 1423 910 sexus
1455 837 1670 910 ferme
1701 840 2282 931 septuagintatres
2314 865 2329 906 :
2384 841 2811 931 intransque,

264 950 504 1020 pacem
552 929 879 999 omnibus
926 928 1279 1020 impertiit.
1334 934 1491 999 Erat
1538 927 1685 1000 illic
1727 928 2049 999 Justinus
2099 930 2477 1020 presbyter,
2522 953 2563 1000 a
2610 931 2811 1002 beato

269 1018 449 1090 Sixto
497 1018 881 1098 ordinatuS‚
934 1017 1015 1087 ad
1074 1018 1276 1107 cujus
1372 1017 1534 1088 edes
1594 1039 1668 1088 se
1726 1016 1913 1088 misit
1961 1016 2698 1102 beatus-Laurentius,
2750 1033 2818 1091 et

266 1107 470 1177 ambo
518 1107 587 1176 in
642 1108 1030 1195 pavimento
1097 1107 1322 1177 voluta
1376 1119 1624 1188 antur,
1698 1118 1903 1194 atque
1958 1107 2250 1176 invicem
2314 1106 2818 1181 osculabantur

263 1195 522 1287 pedes:
575 1195 883 1283 dixitque
937 1196 1180 1267 beatus
1237 1196 1647 1267 Laurentius
1700 1195 1787 1265 ad
1851 1195 2329 1266 beatissimum
2402 1196 2752 1267 Justinum
2795 1222 2810 1266 ε

269 1283 551 1375 Comple
586 1296 817 1354 votum
869 1306 1126 1367 meum,
1174 1295 1240 1354 et
1276 1283 1591 1354 laventur
1624 1285 1833 1375 pedes
1879 1297 2274 1355 sanctorum
2325 1296 2392 1354 et
2438 1287 2642 1356 vestri
2693 1308 2816 1376 per

264 1395 519 1444 manus
582 1394 793 1444 meas.
845 1373 1167 1443 Justinus
1228 1374 1584 1463 presbyter
1644 1373 1856 1443 dixit:
1919 1378 2061 1443 Hoc
2119 1373 2556 1443 Dominicum
2618 1396 2816 1466 prae-

263 1477 541 1620 ceptum
588 1475 715 1533 est.
768 1459 914 1532 Fiat
958 1462 1277 1532 voluntas
1325 1461 1596 1532 Domini
1647 1463 1859 1532 nostri
1907 1468 2073 1532 Jesu
2107 1462 2380 1532 Christi.
2420 1467 2499 1532 Et
2537 1476 2817 1555 accepta

263 1572 350 1642 pe
385 1552 470 1634 vi,
516 1551 703 1621 misit
750 1570 1000 1637 aquam
1053 1551 1121 1620 in
1170 1572 1347 1632 eam,
1382 1563 1446 1622 et
1493 1550 1658 1623 lavit
1692 1549 2006 1621 omnium
2048 1550 2350 1621 virorum
2397 1551 2652 1641 pedes:
2708 1575 2817 1624 ve·

264 1641 601 1727 niensque
653 1640 741 1709 ad
803 1639 1077 1710 beatum
1136 1640 1511 1721 Justinum,
1622 1639 1798 1709 rimo
1853 1638 2300 1710 osculabatur
2351 1639 2560 1742 pedes
2616 1641 2810 1729 ejus,

264 1728 517 1886 'deinde
575 1729 763 1798 lavit.
839 1729 1018 1799 Lotis
1085 1728 1397 1798 omnium
1469 1750 1549 1819 pe
1606 1728 1813 1809 ibus,
1891 1728 2400 1799 commendavit
2467 1751 2542 1799 se
2616 1730 2813 1800 beato

320 1829 574 1886 usttno.

355 1907 393 2063 ᾗ
439 1909 587 1979 18.
640 1905 889 1976 Eadem
921 1905 1089 1975 hora
1125 1904 1242 1975 illo
1274 1904 1434 1975 inde
1459 1917 1769 1987 exeunte,
1802 1904 2041 1975 beatus
2073 1904 2299 1977 Sixtus
2331 1904 2715 1977 ducebatur
2741 1907 2810 1976 in

268 1999 358 2063 Te
389 1993 621 2064 hidem
647 1995 740 2076 ⁴²⁴,
772 2007 850 2064 ut
881 1994 1260 2074 audiretur,
1298 2006 1548 2063 etcum
1584 2015 1665 2064 eo
1692 1993 2157 2065 Felicissimus
2182 2007 2248 2064 et
2269 1997 2619 2086 Agapltus.
2651 1995 2814 2066 Ade-

269 2096 427 2152 rant
465 2082 609 2153 illic
657 2083 902 2153 Decius
947 2096 1013 2152 et
1059 2082 1506 2153 Valerianus:
1559 2081 1865 2170 dixitque
1898 2083 2141 2153 Decius
2180 2081 2410 2153 furore
2447 2083 2692 2174 plenus
2727 2085 2808 2154 ad

273 2175 341 2241 S.
380 2172 640 2242 Sixtum
692 2172 1147 2263 Episcopum:
1210 2176 1342 2241 Nos
1405 2171 1686 2258 quidem
1743 2171 2176 2241 consulimus
2215 2174 2549 2242 senectuti
2608 2186 2809 2244 tuae:

266 2260 498 2348 itaque
525 2261 689 2330 audi
730 2273 1085 2352 praecepta
1115 2272 1370 2341 nostra,
1407 2273 1473 2330 et
1506 2259 1846 2330 sacrifica.
1876 2258 2255 2351 Respondit
2278 2260 2520 2332 beatus
2551 2263 2810 2333 Sixtus:

270 2371 308 2415 «
340 2349 628 2440 Tibiipsi
666 2349 949 2421 consule
984 2348 1197 2418 miser
1226 2403 1241 2430 ,
1286 2360 1352 2418 et
1396 2348 1538 2419 noli
1581 2349 2096 2439 blasphemare:
2142 2348 2257 2420 sed
2294 2371 2421 2440 age
2457 2351 2816 2440 poeniten-

270 2437 432 2508 tiam
449 2450 745 2596 ‹fropter
789 2437 1022 2510 fusum
1074 2438 1484 2530 sanguinem
1536 2450 1959 2509 sanctorum.
2006 2461 2042 2506 »
2093 2436 2339 2508 Decius
2390 2437 2815 2512 furibundus

267 2527 362 2597 ait
406 2550 445 2597 a
543 2527 1030 2599 Valerianum:
1085 2528 1211 2597 Hic
1266 2527 1326 2598 si
1373 2527 1715 2597 extinctus
1764 2549 1899 2596 non
1953 2526 2196 2608 suerit,
2242 2548 2381 2596 non
2438 2528 2567 2597 erit
2622 2528 2813 2599 ullus

265 2616 545 2687 evidens
613 2616 837 2686 timor.
904 2614 1307 2686 Valerianus
1355 2616 1756 2706 respondit:
1832 2615 2062 2706 Capite
2117 2615 2476 2717 puniatur.
2538 2616 2816 2687 Felicis·

265 2705 489 2775 simus
526 2715 593 2775 et
622 2708 949 2796 Agapltus
987 2704 1354 2775 dixerunt:
1409 2728 1446 2772 «
1482 2710 1534 2775 0
1575 2705 1632 2775 si
1672 2703 2006 2774 audiretis
2041 2704 2275 2774 miseri
2311 2705 2570 2775 monita
2601 2707 2815 2795 patris

264 2794 508 2875 nostri,
548 2806 887 2864 tormenta
931 2805 1206 2864 aeterna
1251 2794 1654 2873 evaderetis,
1693 2814 1870 2880 quae
1910 2815 2027 2862 vos
2059 2792 2496 2863 cruciabunt.
2531 2817 2567 2861 »
2624 2794 2813 2864 Vale·

265 2882 511 2953 rianus
546 2882 930 2973 praefectus
970 2881 1181 2952 dixit:
1236 2883 1411 2965 Quid
1457 2883 1546 2955 ita
1597 2882 1721 2951 diu
1755 2882 1990 2952 vivunt
2037 2881 2197 2962 isti,
2256 2881 2375 2969 qui
2431 2882 2631 2952 nobis
2679 2896 2817 2954 tor-

263 2983 497 3041 menta
545 2971 954 3042 minantur?
1001 2971 1447 3041 Reducantur
1485 2971 1568 3040 ad
1604 2970 1937 3060 templum
1991 2970 2247 3043 Martis,
2286 2983 2364 3041 ut
2395 2971 2810 3042 sacrificent.

263 3060 460 3143 Quod
493 3060 553 3129 si
583 3058 953 3140 noluerint,
1006 3060 1246 3130 eodem
1282 3059 1432 3130 loco
1473 3059 1697 3149 capite
1731 3071 2164 3130 truncentur.
2211 3060 2409 3128 Ducti
2447 3082 2611 3151 ergo
2651 3073 2819 3131 sunt

262 3162 452 3218 extra
499 3170 736 3218 muros
773 3161 1003 3240 portae
1050 3154 1098 3218 Α
1156 3149 1329 3239 piae,
1387 3147 1696 3236 dixitque
1742 3148 1985 3218 beatus
2017 3148 2289 3219 sixtus:
2345 3171 2379 3215 «
2414 3154 2582 3219 Ecce
2630 3148 2817 3220 idola

259 3259 462 3319 vana,
499 3237 734 3318 surda,
775 3250 964 3306 muta
997 3250 1063 3307 et
1128 3236 1398 3328 apidea,
1452 3238 1711 3325 quibus
1743 3236 1972 3306 miseri
2026 3258 2098 3305 se
2135 3235 2501 3319 inclinant,
2552 3251 2631 3308 ut
2665 3261 2818 3328 per-

262 3324 433 3395 dant
488 3326 694 3395 vitam
733 3337 1122 3395 aeternam:
1179 3352 1204 3390 n
1258 3338 1325 3395 et
1353 3326 1449 3395 ait
1495 3324 1954 3416 ad'templum
2009 3325 2285 3395 Martis:
2340 3331 2711 3397 «Destruat
2756 3341 2819 3397 te

265 3415 579 3484 Christus
626 3414 817 3484 filius
870 3415 985 3484 Dei
1030 3414 1191 3483 vivi.
1223 3437 1258 3482 »
1294 3414 1703 3486 Christianis
1737 3414 2065 3486 omnibus
2112 3413 2527 3498 dicentibus,
2571 3421 2809 3498 Amen,

263 3503 495 3574 subito
535 3503 797 3573 corruit
827 3516 893 3573 et
923 3503 1351 3574 comminuta
1381 3516 1482 3573 est
1517 3524 1680 3594 pars
1712 3502 2053 3590 quaedam
2104 3503 2368 3593 templi.

349 3593 388 3680 ξ
438 3596 578 3665 u.
631 3598 839 3662 Porro
881 3594 1121 3662 beatus
1155 3592 1566 3663 Laurentius
1597 3591 2045 3661 exclamavit:
2101 3614 2138 3658 «
2167 3591 2312 3663 Noli
2366 3614 2476 3662 me
2524 3591 2817 3662 derelin-

266 3701 475 3766 quere
516 3693 710 3771 pater
746 3694 1002 3762 sancte,
1054 3682 1201 3770 jam
1259 3681 1445 3750 enim
1489 3680 1784 3771 expendi
1833 3679 2216 3762 thesauros,
2262 3702 2438 3769 quos
2477 3680 2814 3751 tradidisti

268 3769 465 3838 mihi.
500 3793 538 3836 »
569 3776 757 3839 Tunc
800 3769 1053 3840 milites
1092 3769 1454 3840 audientes
1490 3770 1874 3851 thesauros,
1919 3781 2289 3840 tenuerunt
2326 3770 2599 3861 beatum
2646 3772 2819 3838 Lau'-

268 3859 565 3928 rentium
623 3858 1250 3928 Archidiaconum:
1317 3870 1635 3928 sanctum
1690 3880 1846 3927 vero
1915 3858 2180 3928 Sixturn
2235 3859 2649 3948 Episcopum
2684 3911 2700 3937 ‚
2753 3869 2818 3929 et

270 3944 768 4017 Felicissimum
798 3961 1002 4034 atque
1029 3947 1391 4047 Agapltum
1422 3946 1776 4028 diaconos,
1802 3945 2150 4017 duxerunt
2175 3946 2261 4016 ad
2296 3947 2551 4017 clivum
2584 3947 2816 4017 Martis

269 4048 439 4104 ante·
470 4034 832 4126 templum,
874 4036 995 4105 ubi
1034 4047 1288 4126 pariter
1320 4034 1640 4105 decollati
1675 4048 1837 4106 sunt
1882 4047 2119 4105 octavo
2153 4035 2320 4105 Idus
2365 4035 2700 4126 Augusti,
2751 4047 2819 4105 et

270 4143 553 4214 corpora
601 4145 840 4194 eorum
895 4124 1129 4193 relicta
1178 4124 1247 4192 in
1343 4123 1539 4193 latea.
1591 4129 1808 4194 Noctu
1862 4136 2089 4193 autem
2141 4135 2478 4194 venerunt
2525 4122 2810 4206 Clerici,

263 4214 644 4304 presbyteri
691 4226 757 4284 et
803 4213 1103 4295 diaconi,
1146 4227 1212 4282 et
1247 4235 1288 4303 p
1323 4212 1531 4282 urimi
1566 4233 1603 4282 e
1653 4211 1851 4303 plebe
1891 4211 2299 4295 Christiana,
2338 4225 2542 4300 atque
2574 4234 2815 4285 eorum

307 4375 336 4403 ¹·
366 4375 628 4416 Nnmtssus
657 4377 704 4415 et
735 4375 1025 4416 Caesonino
1054 4374 1279 4415 coluntur
1295 4374 1527 4422 Martyres
1545 4383 1643 4414 xvu
1674 4372 1980 4425 septembris.

308 4429 361 4455 *⁰
392 4430 501 4470 Sive
524 4428 742 4469 Temno-em
760 4443 777 4477 ,·
806 4429 912 4469 vide
932 4429 1141 4478 append.
1166 4428 1268 4469 Vol.
1288 4437 1331 4473 v,
1349 4437 1393 4477 p.
1413 4427 1534 4467 ἀπ’.
