3308 5004
147 345 339 412 AUG.
394 346 434 411 7
858 358 941 411 ΒΕ
987 361 1045 410 s.
1096 360 1375 410 ananam
1422 359 1607 410 conr.
1662 360 2014 409 caunum
2489 341 2615 407 ⁴97

136 449 343 541 jubet
386 468 506 519 eos
564 446 803 540 procul
853 469 895 518 a
958 446 1232 517 civitate
1290 445 1522 537 gladio
1587 445 1945 516 trucidari.
2015 450 2325 534 Cumque
2386 443 2708 536 producti

147 537 449 610 fuissent
498 537 567 607 in
616 556 945 628 campum
982 534 1426 617 laudabilem,
1483 534 1680 606 nulla
1717 535 2030 606 obstante
2085 534 2404 616 macerie,
2450 533 2548 604 ibi
2595 532 2710 603 ul-

148 627 410 698 tionem
439 626 723 718 dignam
757 646 880 717 pro
903 623 1152 696 Christi
1187 625 1466 695 nomine
1498 645 1700 697 susce
1830 636 1979 695 unt.
2010 628 2317 707 Quorum
2345 621 2709 694 confestim

149 716 433 787 animas
479 715 807 796 Salvator,
843 713 1100 804 apert'is
1138 712 1373 796 coeli5‚
1428 714 1689 804 triump
1745 714 2028 785 antibus
2072 712 2370 804 Angelis,
2418 723 2485 783 et
2531 731 2713 780 mar-

147 817 174 875 t
226 826 388 874 rum
419 804 766 876 exultante
813 802 1046 885 chom,
1099 803 1169 872 in
1204 802 1529 874 coelestes
1577 802 1775 874 sedes
1813 802 2125 892 suscepit
2164 813 2441 871 aeterna
2476 799 2712 887 requie

268 893 514 965 ituras.
568 898 723 964 Post
751 892 1040 963 celerem
1075 912 1232 962 vero
1265 891 1751 983 profectionem
1804 889 2357 962 immundissimi
2403 888 2698 968 Datiani,

155 995 483 1053 exeuntes
530 981 920 1063 Christiani,
976 1002 1265 1072 corpora
1303 1003 1539 1053 eorum
1571 979 1815 1051 eodem
1869 979 2017 1050 loco
2054 1000 2192 1068 quo
2257 978 2447 1070 passi
2500 989 2706 1058 sunt,

157 1071 538 1142 honorifice
584 1069 1044 1162 sepelierunt:
1095 1082 1162 1140 et
1211 1091 1331 1161 per
1377 1069 1814 1160 singulorum
1891 1089 2227 1159 corpora,
2284 1088 2426 1138 una
2483 1075 2713 1158 prote-

245 1172 360 1229 nte
388 1159 700 1242 basilien,
735 1159 808 1229 in
838 1180 1079 1230 eorum
1115 1159 1333 1230 titulis
1372 1158 1614 1230 altaria
1637 1157 2029 1228 veneranda
2076 1166 2462 1227 sacrarunt.
2491 1159 2705 1238 Quem

184 1270 393 1320 ocum
466 1261 782 1319 sanctum
841 1259 1030 1318 tanta
1090 1248 1425 1318 Dominus
1482 1259 1711 1319 noster
1754 1246 1954 1317 Jesus
1999 1246 2311 1316 Christus
2371 1243 2714 1337 potentiae

157 1359 325 1409 suae
369 1337 719 1428 majestate
752 1335 1056 1428 replevit,
1110 1349 1186 1406 ut
1231 1336 1654 1425 quicumque
1736 1358 1862 1405 ura
1915 1335 2050 1405 fide
2080 1346 2147 1405 et
2193 1334 2463 1425 integra
2513 1331 2715 1402 devo-

164 1427 350 1498 tione
408 1448 645 1497 eorum
694 1425 1047 1516 expetierit
1109 1424 1497 1496 veneranda
1566 1447 1648 1495 su
1708 1425 1897 1515 ragia
1927 1478 1943 1506 ,
2005 1443 2443 1512 quacumque
2509 1419 2715 1491 fuerit

164 1515 568 1586 infirmitate
599 1514 937 1594 detentus,
973 1513 1076 1584 vel
1111 1514 1558 1585 inimicorum
1588 1513 2024 1585 infestatione
2054 1512 2449 1603 depressuS,
2482 1509 2710 1580 statim

162 1604 480 1697 ipsorum
514 1604 769 1676 invicto
818 1602 1145 1673 liberetur
1190 1602 1469 1673 auxilio.
1525 1601 1719 1673 Unde
1765 1612 2028 1692 oportet
2076 1623 2203 1672 nos
2244 1600 2442 1671 unita
2483 1597 2716 1670 laudis

159 1715 324 1764 voce
373 1693 443 1762 in
493 1714 728 1762 eorum
781 1692 1141 1763 festivitate
1190 1692 1619 1784 psalmorum
1670 1691 1940 1762 cantica
1978 1711 2321 1770 resonare,
2367 1688 2710 1759 dicentes:

161 1782 463 1855 Gaudete
498 1784 680 1873 justi
706 1784 779 1852 in
808 1783 1107 1863 Domino,
1145 1793 1358 1852 rectos
1388 1781 1571 1851 decet
1622 1780 2037 1851 collaudatio
2085 1780 2222 1869 (Ps.
2263 1783 2348 1848 32
2374 1778 2423 1867 )‚
2478 1787 2557 1848 ut
2593 1775 2716 1863 qui

160 1893 287 1963 pro
335 1870 685 1941 coelorum
752 1891 962 1962 regno
1007 1883 1073 1940 et
1122 1870 1321 1941 nobis
1368 1869 1697 1941 omnibus
1743 1868 2273 1948 conservandis,
2338 1866 2715 1958 pretiosum

161 1959 581 2052 sanguinem
616 1958 1029 2040 effuderunt,
1082 1958 1331 2051 dignas
1376 1971 1443 2028 et
1492 1980 1616 2029 nos
1651 1958 1721 2026 in
1752 1957 1881 2028 hac
1928 1957 2040 2028 die
2089 1979 2213 2049 pro
2246 1976 2485 2027 eorum
2531 1973 2717 2024 mar*-

158 2048 341 2141 tyrio
392 2047 635 2119 laudes
680 2047 1026 2118 Altissimo
1073 2069 1231 2117 cum
1286 2047 1695 2118 muneribus
1742 2047 2136 2129 offeramuS‚
2189 2046 2301 2116 cui
2349 2056 2451 2115 est
2500 2044 2724 2113 honor

157 2153 225 2210 ct
276 2137 500 2228 gloria
548 2137 616 2206 in
658 2136 894 2208 secula
943 2136 1360 2219 seculorum,
1414 2140 1649 2207 Amen.

630 2455 712 2556 S.
788 2452 1236 2556 ALBERTI
1306 2450 1958 2556 CARMELlTAE
2026 2450 2266 2552 Vl'l’A

941 2692 1231 2743 AUCTORE
1275 2693 1371 2743 JO.
1425 2694 1492 2741 Π.
1538 2691 1950 2742 -nE-POLUCIIS

826 2811 1066 2861 STYLUM
1131 2809 1493 2859 PERPOLIVIT
1556 2810 1745 2858 LAUR.
1822 2809 2052 2858 SURIUS

950 2990 1139 3047 Obiit
1160 2989 1343 3046 circa
1360 2991 1526 3045 1306
1552 3020 1627 3031 —-
1644 2988 1943 3046 Siculus.

252 3200 294 3275 ἓ
346 3197 426 3265 1.
482 3195 574 3261 Ea
623 3202 1043 3280 tempestate.
1082 3211 1217 3277 qua
1254 3188 1744 3261 serenissimus
1792 3192 1931 3258 Rex
1984 3192 2217 3258 Petrus
2267 3208 2337 3258 re
2390 3208 2555 3257 num
2607 3191 2728 3257 Ca-

162 3280 469 3352 taloniae
498 3294 565 3349 et
613 3279 885 3350 Siciliae
931 3278 1253 3358 obtinuit,
1307 3277 1436 3347 fuit
1467 3277 1877 3349 Benedictus
1906 3275 2217 3366 quidam,
2264 3298 2351 3346 no
2405 3276 2480 3345 ili
2511 3276 2726 3367 stirpe

213 3370 598 3472 regenitus,
652 3368 882 3439 dictus
912 3366 1440 3448 De-Abbatibus,
1475 3388 1652 3454 quae
1700 3377 1800 3436 est
1851 3364 2202 3456 praeclara
2231 3364 2418 3456 apud
2459 3364 2727 3435 Siculos

192 3459 461 3530 nmilia.
518 3458 717 3528 Duxit
763 3476 921 3526 vero
968 3477 1249 3526 uxorem
1290 3461 1658 3537 Joannam,
1694 3455 1967 3546 generis
2017 3453 2371 3525 nobilitate
2410 3454 2545 3545 ipsi
2587 3475 2724 3523 non

169 3548 538 3639 imparem,
594 3546 662 3616 in
695 3549 927 3616 Castro
979 3544 1233 3615 montis
1268 3544 1563 3635 Drepani
1612 3557 1876 3614 ortam:
1920 3542 2103 3633 apud
2156 3564 2362 3631 quem
2418 3553 2722 3614 montem

169 3650 267 3708 est
326 3634 827 3705 monasterium
896 3632 1184 3704 fratrum
1245 3633 1526 3705 Ordinis
1596 3632 2034 3704 beatissimae
2096 3631 2327 3702 Matris
2375 3632 2538 3712 Dei,
2606 3631 2726 3719 qui

170 3724 579 3796 Carmelitae
644 3734 997 3793 vocantur.
1081 3723 1345 3793 Dicitur
1403 3734 1632 3793 autem
1693 3727 2128 3813 Drepanensc
2193 3719 2721 3790 monasterium.

164 3820 378 3886 Porro
429 3814 720 3884 istorum
770 3812 1150 3902 conjugum
1208 3824 1356 3882 erat
1412 3833 1644 3882 coram
1700 3815 1830 3880 Deo
1875 3812 2014 3880 vita
2061 3810 2327 3900 integra
2386 3818 2453 3878 et
2500 3828 2727 3877 mores

157 3902 538 3994 inculpati.
575 3904 880 3989 Cumque
927 3900 999 3970 in
1036 3900 1476 3971 matrimonio
1526 3899 1781 3992 pariter
1812 3920 2033 3969 annos
2092 3898 2304 3968 ferme
2354 3920 2472 3967 sex
2518 3907 2584 3966 et
2623 3895 2725 3964 vi-

162 3993 340 4082 ginti
390 3990 807 4081 exegissent,
873 4010 999 4059 nec
1058 3989 1321 4080 prolem
1373 3989 1589 4060 ullam
1642 4000 2155 4079 procreassent,
2211 3985 2486 4056 tandem
2539 4005 2726 4055 com-

167 4081 529 4152 municato
600 4078 776 4148 inter
835 4099 908 4149 se
952 4078 1284 4160 consili0,
1361 4078 1799 4149 beatissimae
1868 4077 2119 4146 Mariae
2181 4075 2433 4176 virgini
2492 4085 2723 4144 votum

168 4183 395 4242 mente
440 4168 711 4240 sincera
745 4180 1268 4258 nuncuparunt,
1314 4168 1371 4238 si
1411 4167 1563 4258 ipsa
1611 4188 1736 4258 pro
1775 4165 1974 4237 solita
2021 4166 2449 4235 humanitate
2496 4176 2562 4233 et
2609 4163 2727 4233 be-

164 4259 512 4350 nignitate
561 4272 685 4326 sua
732 4256 833 4327 eis
882 4256 1145 4346 prolem
1196 4256 1595 4346 impetraret
1643 4253 2144 4335 masculinam,
2196 4274 2347 4323 eam
2400 4275 2472 4324 se
2504 4252 2727 4343 ipsius

160 4348 412 4419 Ordini
465 4359 796 4438 perpetuo
843 4357 1389 4417 consecraturos.
1429 4350 1519 4414 Eo
1560 4356 1712 4415 voto
1752 4343 1953 4425 facm,
2000 4343 2068 4413 in
2110 4342 2407 4434 jejunia,
2462 4362 2722 4432 preces,

159 4437 651 4526 eleemosynas
690 4434 1130 4518 incumbunt,
1160 4445 1238 4506 ut
1264 4433 1446 4504 dicta
1479 4432 1675 4505 factis
1702 4432 2136 4504 confirment.
2173 4438 2305 4503 Nec
2336 4453 2493 4503 vero
2526 4428 2723 4501 multi
