3308 5004
188 340 374 406 AUG.
428 341 514 406 25
870 357 950 405 m:
997 357 1051 405 s.
1107 355 1414 406 Lunovico
1461 353 1626 404 nuce
1674 356 2054 406 raucone!
2517 333 2645 407 637

191 442 567 531 aliquando
594 441 955 512 maturiori
983 453 1162 513 esset
1188 452 1431 512 aetate.
1465 445 1648 512 Haec
1681 462 1838 511 vero
1870 441 2131 513 idcirco
2162 452 2226 512 te
2253 441 2497 513 audire
2524 444 2731 524 volui,

187 543 267 602 ut
312 552 473 601 cum
526 542 679 622 post
726 531 999 602 obitum·
1042 551 1275 631 meum
1315 529 1402 599 ad
1444 551 1518 599 re
1571 552 1741 599 num
1824 530 2162 622 ertigeris,
2209 553 2334 621 pro
2372 531 2636 605 Christo
2671 546 2738 603 et

188 619 493 691 Ecclesia
538 632 743 707 atque
789 618 926 688 fide
973 619 1318 689 Catholica
1359 631 1521 689 tuen
1575 640 1639 700 a,
1686 617 1865 689 nuli
1905 621 2005 690 rei
2035 640 2303 710 parcas,
2341 641 2474 691 non
2511 622 2732 701 uxori,

190 730 328 779 non
377 708 641 789 liberis,
696 727 832 777 non
885 729 1119 799 regno.
1170 707 1370 778 Volui
1420 707 1606 778 enim
1666 719 1735 777 et
1788 707 1913 778 tibi
1964 721 2032 778 et
2082 707 2411 779 fratribus
2466 709 2605 780 tuis
2653 710 2736 781 de

191 798 457 955 {peipso
505 795 831 888 praebere
874 796 1270 888 exemplum
1302 849 1319 877 ,
1371 808 1495 877 ut,
1550 796 1611 865 si
1661 817 1772 869 res
1827 795 2170 887 postulet,
2238 819 2356 868 vos
2421 798 2739 870 similiter

220 899 486 957 aciatis.
532 909 570 953 »
984 945 995 952 .

278 977 316 1063 ξ
366 976 512 1047 82.
567 979 666 1044 Ita
716 996 804 1043 ue
850 995 1033 1044 anno
1080 973 1356 1044 Domini
1403 972 1781 1044 millesimo
1830 972 2308 1045 ducentesimo
2373 985 2618 1064 septua
2667 999 2740 1048 e·

192 1064 369 1134 simo
398 1119 414 1145 ,
470 1063 669 1133 Calen
729 1063 787 1133 is
835 1063 1094 1133 Martiis
1124 1116 1140 1144 ,
1194 1061 1583 1133 Ludovicus
1631 1068 1771 1133 Rex
1819 1062 2454 1134 christianissimus
2484 1118 2500 1145 ,
2559 1066 2632 1133 ni
2689 1064 2735 1135 il

189 1151 454 1223 fractus
477 1152 914 1242 superiorum
944 1163 1331 1241 temporum
1360 1150 1718 1223 laboribus
1741 1163 1808 1223 et
1831 1173 1911 1222 ex
2005 1152 2174 1234 nsis,
2213 1172 2388 1240 quas
2421 1151 2491 1220 in
2527 1152 2742 1242 priori

188 1240 623 1332 expeditione
667 1240 941 1321 fecerat,
994 1261 1155 1312 cum
1208 1240 1431 1311 tribus
1480 1239 1743 1321 liberiS,
1798 1240 1921 1310 Phi
1957 1240 2143 1331 ippo,
2177 1240 2475 1321 Joanne,
2519 1246 2736 1323 Petro,

187 1352 229 1399 e
278 1328 619 1400 Massiliae
670 1343 871 1419 portu
918 1329 1142 1410 solvit,
1194 1328 1522 1413 adjuncto
1568 1330 1776 1400 etiam
1828 1329 1963 1400 sibi
2010 1334 2348 1400 Navarrae
2394 1334 2577 1421 Rege
2606 1385 2622 1410 ‚
2675 1344 2744 1400 et

190 1418 556 1508 permultis
601 1418 1048 1489 ecclesiarum
1105 1416 1463 1507 praefectis
1508 1430 1573 1487 et
1619 1417 1998 1490 nobilibus.
2055 1422 2136 1488 Ut
2182 1429 2412 1488 autem
2462 1417 2739 1492 facilius

191 1512 465 1577 Terram
507 1519 819 1578 sanctam
850 1528 1256 1597 recuperare
1289 1518 1589 1597 possent,
1614 1506 2212 1577 consultissimum
2241 1506 2343 1576 eis
2365 1507 2585 1577 visum
2612 1519 2736 1588 est,

191 1609 271 1667 ut
320 1617 611 1686 regnum
660 1601 1093 1666 Tunetanum
1128 1650 1143 1676 ,
1203 1594 1383 1682 quod
1455 1616 1709 1685 magna
1770 1594 1839 1664 in
1906 1594 2176 1685 Syriam
2247 1595 2741 1696 navigantibus

193 1684 520 1775 objiceret
547 1683 1064 1775 impedimenta,
1102 1696 1260 1753 ante
1287 1683 1521 1753 omnia
1550 1684 1621 1753 in
1657 1706 1858 1754 suam
1895 1684 2284 1775 redigerent
2311 1695 2739 1773 potestatem.

190 1778 344 1843 Jam
396 1787 719 1863 ceperant
768 1786 1038 1864 portum
1091 1771 1548 1863 Carthaginis,
1600 1793 1782 1873 quae
1819 1777 2079 1843 Tuneto
2110 1772 2297 1842 haud
2340 1773 2574 1862 procul
2613 1772 2738 1842 ab·

178 1876 319 1941 est,
373 1874 440 1931 et
484 1882 641 1931 ecce
689 1862 994 1942 morbus,
1046 1861 1168 1948 qui
1215 1861 1335 1931 illo
1382 1882 1567 1932 anno
1611 1860 1702 1932 iis
1750 1860 1819 1931 in
1857 1859 2027 1934 locis
2062 1861 2234 1930 mire
2266 1862 2734 1961 grassabatur,

199 1951 267 2019 in
303 1949 842 2020 Christianorum
880 1949 1251 2021 exercitum
1285 1949 1571 2031 invadit,
1601 1971 1683 2020 ex
1717 1949 1922 2041 Regis
1955 1949 2120 2020 filiis
2154 1948 2330 2019 tollit
2373 1955 2736 2030 Joannem‚

195 2037 374 2108 tollit
419 2038 648 2128 ipsum
699 2061 974 2127 quoque
1022 2038 1539 2110 sanctissimum
1592 2044 1844 2129 Regem
1896 2060 2060 2110 cum
2114 2038 2351 2108 multis
2397 2060 2436 2107 e
2491 2038 2743 2109 nobili-

197 2139 332 2196 tate
376 2139 442 2196 et
490 2126 708 2218 plebe.
764 2134 981 2211 Quam
1034 2139 1267 2198 sancte
1299 2140 1527 2198 autem
1563 2140 1628 2198 et
1668 2129 1779 2218 pie
1816 2150 1856 2197 a
1897 2128 2031 2197 vita
2064 2126 2377 2217 migrarit
2410 2127 2735 2199 Christia-

199 2215 532 2285 nissimus
580 2221 741 2296 Rex,
794 2237 1004 2306 gener
1049 2216 1200 2307 ejus
1245 2219 1583 2286 Navarrae
1616 2221 1757 2286 Rex
1787 2215 2179 2286 Tusculano
2216 2215 2553 2306 Episcopo
2594 2237 2744 2306 per-

201 2303 501 2394 scripsit.
545 2309 712 2375 Nam
747 2317 1104 2395 correptus
1136 2304 1400 2385 morb0,
1430 2325 1570 2374 non
1604 2305 1898 2375 cessavit
1936 2303 2220 2373 laudare
2259 2308 2501 2385 Deum,
2539 2326 2745 2394 saepe

201 2391 390 2461 illam
440 2394 820 2463 orationem
870 2393 1326 2464 interserens:
1380 2414 1417 2458 «
1472 2397 1601 2462 Fac
1647 2414 1775 2462 nos
1816 2392 2103 2462 Domine
2136 2413 2464 2481 prospera
2496 2390 2742 2461 mundi

198 2480 575 2573 despicere,
628 2493 693 2552 et
742 2481 936 2551 nulla
981 2481 1133 2572 ejus
1180 2482 1465 2552 adversa
1514 2480 1909 2562 formidare,
1971 2507 1998 2546 ι
2050 2492 2116 2551 et
2163 2500 2289 2570 pro
2346 2479 2507 2562 illiS,
2568 2501 2744 2567 quos

195 2592 429 2641 secum
483 2571 884 2650 adduxerat,
938 2572 1031 2640 ita
1079 2592 1331 2642 orans:
1386 2593 1423 2637 «
1474 2575 1631 2641 Esto
1681 2572 1965 2640 Domine
2015 2569 2199 2661 plebi
2247 2580 2405 2640 tuae
2438 2569 2742 2639 sanctifi·

190 2673 383 2730 cator
429 2675 495 2729 et
539 2673 794 2730 custos.
833 2684 870 2726 »
922 2661 1115 2730 Morti
1159 2661 1620 2751 propinqum,
1665 2658 1880 2729 voluit
1909 2680 1982 2728 se
2015 2657 2327 2748 Corporis
2361 2656 2609 2728 Christi
2642 2679 2748 2729 sa·-

192 2760 550 2817 cramento
598 2749 879 2818 muniri.
935 2754 1243 2836 Cumque
1289 2746 1612 2819 sacerdos
1660 2746 1729 2818 id
1778 2748 1840 2817 ei
1889 2746 2321 2826 ostenderet,
2379 2747 2747 2837 perquire-

192 2849 296 2906 ret
346 2857 456 2917 ue,
485 2857 652 2907 num
680 2837 985 2907 crederet
1014 2836 1109 2908 ibi
1143 2859 1294 2907 esse
1330 2835 1575 2905 Filium
1622 2837 1763 2916 Dei,
1802 2835 2157 2926 respondit
2188 2834 2424 2905 minus
2455 2834 2523 2904 id
2557 2834 2745 2925 apud

192 2948 268 2995 se
366 2926 569 2995 abere
615 2925 860 3007 dubii,
912 2947 1119 3015 quam
1173 2926 1233 2994 si
1282 2923 1540 2994 videret
1588 2925 1932 2995 Christum
1983 2924 2053 2993 in
2116 2945 2197 2993 ea
2260 2922 2483 2993 forma
2515 2978 2531 3005 ,
2601 2945 2749 3011 qua

193 3013 510 3085 ascendit
557 3014 624 3084 in
675 3015 923 3086 coelos.
977 3014 1123 3083 Jam
1177 3034 1584 3103 supremum
1635 3014 1917 3084 trahens
1963 3013 2314 3102 spiritum,
2352 3012 2748 3103 suspiciens

194 3105 268 3173 in
319 3102 615 3183 coelum,
669 3104 799 3173 ait:
855 3126 894 3171 «
945 3101 1249 3172 Introibo
1296 3101 1368 3170 in
1417 3099 1704 3172 domum
1742 3115 1929 3172 tuam
1970 3102 2277 3183 Domine,
2316 3100 2617 3172 adorabo
2658 3101 2746 3171 ad

194 3190 538 3281 templum
588 3204 905 3262 sanctum
956 3202 1182 3269 tuum,
1232 3201 1300 3260 et
1346 3189 1727 3262 confitebor
1774 3190 2040 3260 nomini
2081 3202 2220 3261 tuo.
2270 3213 2306 3256 »
2348 3190 2615 3273 Quibus
2652 3189 2747 3259 di-

191 3280 352 3362 ctis,
403 3278 801 3351 felicissime
838 3278 1255 3350 obdormivit
1286 3278 1356 3348 in
1397 3278 1706 3349 Domino.
1885 3332 1888 3335 -
2597 3336 2610 3352 .

268 3373 324 3457 ξ
367 3372 512 3441 88.
565 3369 729 3457 Ejus
779 3382 996 3439 morte
1044 3390 1179 3438 non
1233 3365 1670 3438 mediocriter
1716 3378 2153 3438 consternato
2200 3366 2745 3439 Christianorum

190 3458 523 3538 exercitu,
575 3470 640 3527 et
684 3457 1049 3527 Saracenis
1095 3456 1537 3539 laetantibuS,
1592 3455 1879 3527 Carolus
1928 3456 2202 3527 Siciliae
2240 3460 2404 3537 Rex,
2439 3457 2513 3525 in
2545 3454 2752 3527 bellis

194 3560 525 3619 strenuus
554 3602 569 3625 ,
620 3567 779 3617 cum
833 3545 1052 3617 multo
1100 3545 1318 3616 milite
1363 3545 1687 3628 advenit,
1740 3545 2148 3633 animosque
2197 3545 2746 3616 Christianorum

191 3636 656 3706 confirmavit.
709 3634 848 3705 Etsi
897 3647 1127 3704 autem
1178 3633 1383 3725 longe
1431 3633 1669 3724 plures
1714 3646 1945 3705 essent
1988 3634 2478 3716 Barbarorum,
2532 3655 2746 3721 quam

195 3724 747 3796 Christianorum
795 3722 1059 3814 copiae,
1114 3743 1249 3792 non
1300 3737 1528 3793 tamen
1581 3723 1736 3794 ausi
1770 3722 1961 3794 fuere
1994 3745 2158 3794 cum
2191 3723 2447 3793 nostris
2487 3723 2747 3794 instru-

196 3827 307 3883 cta
355 3813 682 3901 utrinque
727 3811 875 3882 acie
920 3812 1371 3893 committere,
1425 3810 1546 3882 sed
1596 3811 1865 3886 levibus
1915 3810 2197 3903 praeliis
2241 3822 2310 3882 et
2339 3810 2603 3882 crebris
2630 3830 2748 3879 ex-

196 3901 644 3972 cursionibus
694 3922 827 3970 non
880 3900 1314 3989 mediocriter
1360 3913 1697 3971 vexarunt
1744 3901 2188 3973 Christianos.
2228 3900 2531 3970 Tandem
2560 3898 2748 3969 obsi-

201 3988 408 4060 dione
458 3990 678 4080 pressi
723 4013 765 4060 a
812 3990 1090 4070 nostris,
1141 3989 1360 4060 coacti
1407 4002 1572 4060 sunt
1605 4010 1844 4080 pacem
1887 4001 2139 4082 petere,
2175 4009 2353 4089 quae
2385 3972 2756 4089 his·potis-'

204 4078 463 4150 simum
512 4078 1029 4149 conditionibus
1074 4077 1385 4149 confecta
1430 4089 1555 4161 est,
1594 4091 1671 4149 ut
1700 4099 1942 4150 omnes
1974 4080 2370 4162 Christiani,
2402 4099 2527 4165 qui
2566 4077 2639 4146 in
2668 4097 2747 4146 eo

204 4187 413 4256 regno
461 4167 717 4258 captivi
767 4166 1223 4247 tenebantur,
1276 4165 1549 4238 abirent
1594 4165 1847 4239 liberi:
1897 4179 1963 4239 et
2009 4180 2089 4240 ut
2155 4164 2625 4239 Dominicanis
2685 4177 2751 4234 et

206 4257 678 4330 Franciscanis
725 4269 932 4346 atque
977 4254 1136 4328 aliis
1176 4254 1397 4326 libera
1432 4267 1612 4327 esset
1643 4254 1938 4328 facultas
1968 4268 2107 4329 toto
2139 4256 2262 4328 illo
2301 4276 2515 4347 regno
2553 4253 2746 4325 Chri-

207 4356 385 4415 stum
426 4346 897 4437 praedicandi,
932 4343 1429 4433 credentesque
1461 4344 1897 4435 baptizandi:
1934 4358 2148 4437 utque
2179 4351 2318 4418 Rex
2350 4352 2747 4418 Tunetanus
