3308 5004
723 343 851 408 726
1247 359 1317 410 ιι(
1362 359 1557 409 nsi-o
1602 360 1938 409 nncouu.
1990 361 2047 409 s.
2097 359 2325 408 som.
2373 358 2558 408 nrt.
2858 340 3077 408 AUG'.
3118 342 3189 407 29

633 456 700 515 et
734 465 1020 514 morere.
1075 446 1128 513 Ο
1173 444 1395 533 gratia
1436 444 1771 514 mulieris.
1829 447 1880 516 Ο
1931 444 2301 536 malagma,
2354 443 2623 515 dolores
2706 443 3186 514 raemolliens

634 537 687 604 Ο
737 531 843 603 le'x
900 532 1246 603 amicitiae
1296 532 1711 625 conjugalis.
1766 536 1933 604 Cum
1983 544 2059 604 tu
2106 546 2493 624 aegrotares
2526 588 2542 615 ,
2594 546 2661 603 ta
2690 534 2824 604 ene
2879 554 3190 622 unquam

636 621 923 692 verbum
971 634 1075 692 est
1119 621 1472 692 elocutus:
1524 635 1590 692 et
1623 644 1761 692 non
1803 622 2126 714 precibus
2171 635 2238 692 et
2269 621 2642 695 benefactis
2690 623 3045 693 morbum
3085 623 3191 692 ab·

635 711 885 792 stersit,
929 723 1002 779 et
1026 710 1488 812 expurgavit?
1533 716 1676 786 Non
1725 712 1912 781 enim
1962 711 2349 783 sufficiebat
2375 711 2462 793 ei,
2506 728 2684 800 quae
2712 725 2873 781 erat
2908 710 3007 779 ad
3046 724 3192 781 tem·

634 821 793 892 pus,
847 797 1268 890 disciplina:
1322 799 1440 869 sed
1501 800 1710 870 etiam
1750 813 1817 870 et
1876 813 2232 872 aeternum
2283 800 2695 871 conciliabat
2752 800 3189 891 supplicium

636 909 758 979 per
805 886 1342 977 blasphemiam.
1378 888 1632 970 NesciS,
1677 888 1861 976 quod
1910 911 2116 959 omne
2147 903 2500 980 peccatum
2537 888 2951 959 dimittetur
2985 888 3189 958 homi-

634 977 888 1047 nibus:
932 976 1125 1060 Quod
1169 989 1397 1047 autem
1447 988 1551 1047 est
1581 990 1821 1048 contra
1854 978 2187 1069 Spiritum
2225 982 2579 1060 Sanctum,
2625 999 2757 1047 non
2796 976 3189 1048 remittetur

633 1087 859 1153 neque
888 1065 958 1135 in
995 1065 1122 1136 hoc
1162 1065 1418 1146 seculo,
1459 1087 1682 1155 neque
1714 1067 1783 1136 in
1834 1066 2122 1138 futuro?

711 1156 759 1312 ἃ
804 1158 894 1226 ὅ.
946 1154 1061 1225 Vis
1095 1153 1325 1225 videre
1353 1154 1563 1225 aliam
1597 1177 1872 1244 quoque
1903 1157 2271 1246 conjugem
2313 1153 2622 1245 ejusdem
2673 1154 3184 1245 improbitatis?

629 1242 705 1313 vi
760 1264 796 1312 e
847 1241 1019 1312 mihi
1059 1243 1377 1313 Dalilam.
1416 1243 1544 1314 Illa
1589 1245 1775 1315 enim
1810 1267 1972 1315 cum
2006 1246 2230 1314 virum
2265 1243 2720 1314 fortissimum
2772 1243 3177 1315 totondisset

634 1336 1114 1422 Sampsonem,
1152 1331 1435 1427 tradidit
1463 1354 1669 1402 suum
1708 1334 2036 1404 maritum
2080 1332 2489 1423 alienigenis
2524 1355 2539 1401 ε
2592 1354 2803 1402 suum
2867 1332 3014 1403 tori
3042 1354 3177 1403 con-

632 1432 914 1501 sortem,
958 1442 1165 1508 quem
1215 1419 1507 1503 fovebat,
1551 1422 1669 1492 cui
1706 1420 2219 1505 blandiebatur,
2273 1421 2385 1492 cui
2434 1419 2965 1503 assentabatur,
2997 1441 3173 1509 quem

632 1507 1013 1579 simulabat
1068 1530 1141 1579 se
1192 1509 1563 1599 plusquam
1607 1531 1683 1582 se
1728 1533 2010 1581 amare:
2061 1533 2266 1599 quem
2317 1510 2466 1580 heri
2513 1509 2783 1580 fovebat
2832 1510 3167 1611 diligens,

638 1596 844 1668 hodie
891 1596 1162 1687 sepeliit
1205 1598 1601 1689 decipiens:
1654 1621 1860 1687 quem
1912 1600 2059 1670 heri
2114 1598 2467 1690 diligebat,
2512 1598 2720 1668 hodie
2766 1598 3166 1690 decipiebat.

639 1690 716 1756 At
763 1707 902 1756 non
952 1700 1096 1756 erat
1140 1686 1511 1758 formosus.
1566 1692 1643 1757 Et
1688 1688 1848 1775 quis
1894 1688 2026 1759 suit
2071 1688 2191 1758 illo
2241 1701 2544 1779 tempore
2588 1687 3020 1759 formosior?
3066 1687 3167 1770 Qui

637 1797 710 1845 se
765 1787 900 1844 tem
951 1775 1242 1866 capillos
1273 1775 1530 1847 ferebat
1557 1777 1630 1846 in
1671 1778 1916 1868 capite,
1958 1788 2239 1869 portans
2268 1777 2645 1867 imaginem
2677 1777 2985 1866 gratiae,
3023 1797 3163 1864 quae

632 1797 843 1933 hafliet
880 1876 1142 1954 septem
1193 1863 1483 1934 lumina.
1537 1869 1615 1935 At
1662 1888 1796 1937 non
1846 1865 2251 1936 eratfortis,
2307 1870 2383 1935 Et
2427 1865 2587 1952 quis
2634 1886 2714 1934 eo
2759 1864 3032 1947 fortior,
3068 1865 3159 1954 qui

635 1951 1014 2022 terribilem
1070 1951 1333 2022 leonem
1387 1952 1579 2024 solus
1618 1954 1690 2023 in
1744 1954 1854 2025 via
1908 1956 2311 2025 suffocavit:
2363 1965 2429 2023 et
2473 1975 2615 2023 una
2662 1955 2858 2024 asini
2916 1954 3157 2025 maxilla

632 2041 871 2111 decem
915 2039 1135 2110 millia
1166 2043 1584 2131 prostravit?
1631 2043 2017 2127 Quinetiam
2066 2055 2212 2114 erat
2242 2056 2524 2113 sanctus
2552 2054 2619 2111 et
2667 2042 2853 2113 adeo
2884 2058 3151 2121 sanctus,

628 2142 709 2200 ut
756 2129 905 2220 ipse
939 2128 1317 2216 aliquando
1362 2131 1628 2213 sitiens,
1683 2132 1754 2200 in
1802 2153 2020 2220 aquae
2070 2132 2302 2223 inopia
2354 2144 2673 2221 precatus
2718 2130 2962 2213 fuerit,
2995 2145 3151 2201 etex

630 2233 925 2299 mortua,
964 2240 1142 2305 quae
1187 2218 1276 2288 ab
1323 2240 1402 2289 eo
1446 2220 1827 2302 tenebatur,
1876 2220 2179 2301 maxilla,
2213 2242 2393 2308 aqua
2421 2219 2847 2302 scaturiet-it,
2901 2234 3148 2291 etexea

629 2308 783 2377 sitis
832 2307 1141 2377 hauserit
1188 2307 1632 2378 medicinam.
1687 2314 1765 2378 Et
1810 2330 1996 2390 eum,
2049 2310 2173 2397 qui
2218 2320 2364 2378 erat
2412 2323 2547 2377 tam
2581 2306 2975 2386 formosus,
3022 2321 3138 2376 tam

631 2395 851 2479 fortis,
881 2408 1018 2465 tam
1043 2410 1345 2476 sanctus,
1373 2419 1535 2467 cum
1573 2398 1850 2488 propria
1887 2419 2059 2467 uxor
2090 2398 2436 2477 vinxisset,
2478 2408 2841 2484 tamquam
2881 2399 3128 2490 bostem,

630 2508 794 2557 eum
832 2484 1114 2556 tradidit
1150 2484 1583 2577 alienigenis,
1628 2485 1984 2571 Quomodo
2013 2498 2242 2557 autem
2277 2485 2534 2556 factum
2568 2498 2697 2568 est,
2734 2500 2817 2557 ut
2843 2509 2996 2563 eum,
3022 2504 3124 2568 qm

631 2587 777 2645 erat
818 2586 954 2643 tam
989 2573 1206 2657 sortis,
1253 2587 1609 2665 superaret
1639 2575 1948 2646 mulier?
1992 2581 2086 2646 Ex
2116 2577 2339 2666 ipsius
2375 2575 2602 2645 mariti
2653 2575 2955 2673 bonitate..
2989 2575 3114 2657 My-

634 2665 920 2754 sterium
959 2663 1143 2732 enim
1179 2665 1327 2751 ejus
1366 2665 1617 2734 virium
1669 2676 1877 2735 noctu
1925 2665 2286 2745 suffurata,
2340 2686 2498 2733 eum
2551 2663 2813 2735 nudum
2851 2663 2995 2732 loris
3020 2679 3125 2727 va-

631 2751 797 2821 lidis
829 2750 1161 2843 alligavit.
1214 2757 1293 2822 Et
1338 2752 1492 2822 ideo
1542 2752 1667 2822 tibi
1717 2754 2051 2844 praecipit
2099 2753 2488 2845 Sapientia:
2545 2757 2722 2825 Cave
2780 2778 2821 2825 α
2858 2762 2967 2823 tuo
3018 2748 3135 2817 tori

585 2909 595 2919 ,
627 2851 945 2920 consorte,
981 2863 1065 2910 ne
1091 2843 1160 2910 ei
1186 2841 1456 2932 aliquid
1483 2842 1739 2912 reveles
1766 2843 1995 2932 (Mich.
2040 2843 2183 2933 vn).
2219 2847 2595 2926 Quaenam,
2640 2842 2760 2911 dic
2804 2842 2987 2923 mibi,
3020 2837 3145 2938 iera

628 2929 957 2999 adversus
989 2950 1195 3000 suum
1234 2929 1626 3000 masculum
1660 2931 1825 3001 talia
1852 2945 1957 3001 est
1991 2931 2438 3002 machinata?
2470 2935 2830 3014 Quaenam
2860 2932 3142 3002 draconis

628 3017 928 3087 foemina
976 3039 1185 3087 suum
1242 3018 1568 3089 maritum
1612 3020 1819 3090 tradit
1852 3020 1938 3090 ad
1973 3021 2308 3091 caedem?
2355 3019 2555 3090 Vides
2602 3042 2822 3106 quarn
2874 3033 3025 3112 apte
3060 3016 3143 3086 di-

625 3108 798 3177 xerit
832 3105 1223 3197 Sapientia:
1276 3112 1423 3176 Non
1475 3118 1571 3178 est
1627 3120 1832 3212 eaput
1881 3132 2087 3200 super
2141 3119 2345 3200 eaput
2390 3112 2762 3199 serpentis.-
2817 3122 2885 3180 et
2930 3132 3047 3179 non
3075 3115 3151 3175 est

624 3197 898 3264 malitia
928 3218 1141 3286 supra
1169 3197 1513 3265 malitiam
1541 3200 1852 3269 mulieris
1877 3198 2116 3287 (Ecclt'.
2154 3198 2327 3288 xxv).
2380 3201 2459 3266 Et
2503 3209 2580 3266 ut
2626 3198 2851 3269 semel
2902 3199 3111 3268 dicam
3136 3247 3151 3273 ,

626 3285 748 3368 qui
804 3284 1163 3353 mulierem
1228 3283 1430 3353 habet
1488 3284 1792 3369 malam,
1850 3287 2022 3356 sciat
2068 3309 2140 3356 se
2177 3288 2325 3377 jam
2382 3286 2732 3376 accepisse
2797 3286 3156 3358 mercedem

625 3392 911 3441 suarum
963 3372 1435 3459 iniquitatum.
1488 3378 1718 3462 Neque
1752 3375 1881 3444 hoc
1930 3373 2187 3444 dicitur
2234 3376 2383 3445 sine
2433 3387 2618 3445 teste.
2673 3376 2854 3444 Audi
2904 3375 3163 3466 Sapien-

628 3459 789 3527 tiam
826 3460 1168 3530 dicentem
1201 3484 1216 3528 :
1271 3464 1517 3532 Mulier
1557 3467 1750 3532 mala
1796 3464 2068 3533 dabitur
2113 3465 2260 3534 viro
2292 3465 2523 3555 iniquo
2555 3486 2681 3554 pro
2712 3468 2938 3537 malis
2983 3464 3171 3557 operi·

625 3549 768 3618 bus.
825 3548 952 3618 Sed
1002 3548 1087 3618 de
1136 3548 1338 3619 malis
1387 3551 1802 3623 mulieribus
1850 3552 2018 3623 haec
2067 3552 2429 3640 hucusque
2465 3552 2646 3622 dicta
2687 3552 2859 3624 sint.
2912 3559 3171 3647 Oportet

624 3649 854 3794 ailitem
891 3658 1015 3761 ¹¹9⁸
1043 3660 1318 3728 quoque
1351 3640 1755 3713 meminisse
1789 3643 2155 3722 bonarum,
2201 3641 2495 3711 maxime
2534 3654 2823 3732 propter
2852 3665 2985 3715 eas
3018 3662 3179 3733 quae

623 3749 662 3795 a
717 3739 878 3796 sunt
966 3782 980 3796 .
1275 3759 1302 3786 s

712 3817 748 3901 ξ
796 3820 890 3886 θ.
945 3819 1079 3885 Cur
1109 3837 1272 3905 ergo
1305 3815 1573 3885 bonae?
1619 3817 1812 3899 Quod
1854 3817 2197 3887 bonorum
2232 3817 2515 3887 virtutes
2549 3817 2785 3888 vident
2822 3832 3183 3909 tamquam

626 3903 967 3993 propriaS,
1007 3915 1073 3974 et
1103 3902 1378 3973 illorum
1419 3904 1686 3975 labores
1736 3918 2087 3994 tamquam
2122 3928 2284 3977 suos
2319 3919 2662 3996 reputant.
2701 3911 2895 3978 Bona
2939 3909 3187 3981 mulier

621 4004 688 4061 et
726 3990 1086 4081 hospitalis
1130 3991 1262 4062 fuit
1310 3992 1431 4062 illa
1464 3993 1661 4065 beata
1710 3996 2113 4077 SunamitiS,
2167 4016 2346 4082 quae
2394 4017 2551 4065 cum
2603 4012 2930 4086 rogasset
2984 3997 3188 4070 mari·

624 4093 768 4149 tum
802 4134 817 4161 ‚
871 4080 1091 4150 Eliseo
1129 4081 1518 4152 aedificavit
1566 4083 2092 4166 domunculam,
2131 4098 2208 4154 ut
2255 4083 2600 4154 transiens
2637 4086 2908 4174 absque
2977 4089 3187 4180 impe-

619 4168 928 4238 dimento
956 4182 1183 4260 posset
1212 4170 1663 4258 requiescere,
1697 4173 1760 4243 ei
1790 4174 2009 4265 posito
2032 4173 2228 4256 lecto,
2258 4186 2323 4243 et
2341 4172 2784 4258 candelabro,
2816 4188 2885 4247 et
2912 4177 3184 4250 mensa:

669 4368 696 4396 ¹⁸
925 4367 1143 4408 hemeute
1172 4398 1186 4418 ‚
1215 4371 1402 4419 mepta
1428 4371 1711 4414 Herodian·
1736 4373 1993 4418 occasione,
2012 4372 2229 4413 invectus
2248 4369 2315 4412 uit
2333 4372 2379 4412 8.
2395 4373 2570 4413 Doctor
2590 4369 2642 4413 in
2661 4371 2891 4417 mulieres
2910 4378 3103 4424 mnu&
3116 4377 3187 4418 b·-

725 4368 757 4389 a

615 4377 1078 4520 κιττέξῗῖιέξῗῑιηε
1107 4378 1242 4463 ..ἔθη
1266 4424 1429 4465 laudea
1457 4421 1615 4467 verbis
1646 4436 1701 4466 ιο
1725 4424 1954 4478 exemplis
1983 4427 2027 4468 8.
2061 4427 2228 4475 script.
2259 4423 2375 4468 Vide
2393 4436 2553 4496 rerum
2572 4426 2739 4468 ordine
2758 4429 2814 4469 tn
2830 4438 2935 4480 neq·
2956 4430 3011 4482 ξε
3031 4431 3183 4480 18η-
