3308 5004
660 332 789 397 620
1378 347 1455 395 nx
1505 346 1561 394 s.
1618 344 2005 395 nunncunns
2053 344 2309 394 vmsnie
2801 326 3003 393 ΑΗΕ.
3061 327 3145 393 25

572 454 805 503 amore
850 432 934 503 ad
986 431 1458 534 Apostolorum
1512 430 1755 501 limina
1803 432 1873 501 in
1925 432 2274 522 precibus,
2327 429 2607 521 vigiliis,
2644 429 2931 520 jeJuniis
2983 451 3149 520 per·

574 525 941 602 sei-arans,
997 544 1105 592 vix
1175 521 1261 590 ad
1330 519 1708 612 hospitium
1772 520 2270 591 revertebatur:
2328 520 2714 610 spretisque
2759 518 2977 588 rebus
3030 541 3154 589 ca·

572 611 774 681 ducis
821 609 1155 681 omnibus
1200 608 1435 704 relicto
1483 630 1739 711 sponso
1785 623 1851 679 et
1894 609 2048 696 ejus
2096 608 2493 689 sodalibuS‚
2552 629 2803 698 pernox
2853 607 2929 678 in
2982 629 3150 678 ora-

575 700 756 770 tione
802 701 1145 781 manebat,
1188 720 1443 788 corpus
1483 697 1738 788 vigiliis
1783 708 1849 769 et
1881 696 2531 779 inedia'macerans,
2558 711 2623 767 et
2655 696 2918 778 omnia,
2956 718 3150 786 quae

573 790 829 859 habere
881 799 1162 877 poterat,
1219 786 1645 878 pauperibus
1692 808 2010 878 erogans.
3263 843 3264 870 i

660 881 698 966 ξ
742 882 819 950 2.
875 882 976 947 Ita
1029 876 1362 946 nimirum
1414 876 1756 945 monacha
1803 874 2125 954 efficitur,
2177 896 2358 961 quae
2407 896 2663 964 sponsa
2722 874 3143 964 putabatur,
3263 901 3264 962 g

574 966 1015 1054 terrestrique
1061 964 1314 1056 copula
1360 987 1521 1034 cum
1577 986 1828 1066 pompa
1878 965 2069 1034 omni
2102 963 2474 1041 fastiditur,
2522 961 2692 1032 dum
2728 984 2766 1032 e
2805 963 3148 1053 supernis

574 1055 859 1126 sedibus
904 1053 1186 1125 castitas
1234 1054 1564 1124 virtutum
1615 1075 1854 1142 regina
1903 1052 2342 1123 diffunditur.
2386 1053 2794 1122 Laetabatur
2823 1052 3145 1128 interim.

575 1158 900 1232 tanquam
945 1143 1091 1232 jam
1147 1142 1525 1233 possideret
1571 1141 1755 1229 quod
1805 1142 1928 1211 diu
1975 1143 2458 1231 concupierat:
2517 1163 2640 1210 nec
2679 1140 2765 1209 ad
2813 1163 3146 1210 momen-

576 1247 723 1302 tum
777 1232 938 1302 inde
986 1230 1241 1302 abduci
1291 1252 1364 1301 se
1414 1252 1615 1320 passa
1663 1243 1788 1311 est,
1840 1231 2025 1319 quod
2079 1243 2211 1299 tam
2264 1229 2577 1299 celeriter
2624 1242 2804 1299 esset
2850 1229 3141 1320 adepta.

578 1322 705 1391 Ubi
742 1343 898 1390 vero
923 1320 1073 1390 dies
1106 1318 1381 1421 advenit
1409 1319 1831 1421 Apostolicae
1862 1319 2202 1399 stationiS,
2238 1319 2323 1388 ad
2364 1317 2571 1418 pedes
2601 1318 2951 1388 Antistitis
2986 1341 3150 1389 san-
3263 1351 3264 1360 κ

575 1425 722 1480 ctae
759 1424 823 1479 et
862 1408 1247 1479 Catholicae
1284 1420 1525 1478 matris
1563 1409 1905 1478 Ecclesiae
1937 1410 1971 1443 ⁸
2002 1408 2350 1487 advoluta,
2392 1408 2660 1478 Christo
2694 1429 2899 1477 suam
2946 1408 3150 1478 offert
3263 1441 3264 1454 κ

578 1499 1066 1599 virginitatem,
1119 1497 1207 1567 ab
1257 1496 1375 1567 illo
1414 1497 1794 1578 defensam,
1835 1496 2227 1586 exemplum
2266 1495 2530 1565 imitata
2569 1508 2954 1586 perpetuae
2996 1498 3148 1566 Vir-

577 1589 763 1688 ginis
808 1601 874 1657 et
921 1585 1161 1657 Matris
1197 1586 1390 1677 ejus:
1442 1598 1729 1673 oratque
1779 1586 2204 1660 Pontificem,
2253 1585 2613 1675 uthcapitis
2646 1584 2971 1655 velamen
3012 1586 3146 1655 sibi

576 1688 908 1767 imponat,
962 1677 1096 1746 sub
1143 1674 1452 1765 ejusdem
1506 1674 2076 1765 incomparabilis
2129 1674 2427 1765 Virginis
2478 1673 3152 1764 Matris.patrocinio

578 1778 643 1834 et
691 1764 1034 1835 famulatu
1080 1764 1407 1834 victurae.
1464 1763 1630 1849 Ejus
1680 1786 1836 1834 vero
1888 1764 2272 1855 piissimam
2327 1763 2773 1832 intentionem
2818 1776 2887 1832 et
2926 1765 3153 1833 animi

583 1867 971 1943 promptam
1021 1851 1450 1923 devotionem
1500 1852 1807 1923 Pontifex
1856 1874 2305 1943 cognoscenS,
2363 1864 2800 1938 mentemque
2851 1854 3024 1941 ejus
3053 1854 3152 1922 di·

582 1942 837 2011 vinitus
885 1940 1295 2011 illustratam
1350 1940 1768 2042 intelligens,
1824 1955 2083 2013 tantam
2136 1942 2205 2009 in
2259 1939 2491 2031 puella
2540 1940 2970 2030 sapientiam
3033 1942 3150 2011 ad·

580 2030 865 2112 mirans,
917 2052 1076 2099 cum
1109 2028 1437 2118 lacrymis
1467 2030 1725 2100 dixisse
1761 2030 2000 2100 fertur:
2046 2059 2068 2091 n
2100 2029 2511 2099 Benedictus
2540 2051 2612 2099 es
2646 2029 2948 2098 Domine
2978 2036 3153 2100 Deus

578 2119 918 2200 omnium,
969 2118 1090 2206 qui
1141 2120 1212 2188 in
1262 2120 1432 2188 casti
1482 2118 1714 2188 cordis
1761 2132 1828 2189 et
1875 2119 2184 2210 corporis
2233 2118 2538 2208 virgineo
2589 2131 2733 2186 toro
2783 2132 3008 2189 tuum
3061 2119 3152 2189 ef·

578 2207 731 2277 ficis
779 2206 1258 2288 domicilium,
1311 2220 1378 2276 et
1427 2208 1495 2276 in
1547 2230 1715 2278 sexu
1765 2207 1995 2309 fragili
2047 2206 2264 2277 multa
2311 2207 2618 2297 operaris
2673 2205 3148 2277 admiratione

578 2296 815 2388 digna.
868 2301 956 2364 'l'e
1002 2317 1167 2386 ergo
1216 2295 1497 2366 laudent
1544 2319 1660 2366 ora
1694 2319 2047 2366 omnium:
2103 2318 2399 2384 aequum
2451 2309 2552 2365 est
2575 2295 2790 2376 enim,
2842 2294 3072 2367 laude
3098 2312 3155 2366 et

580 2385 1086 2475 praedicatione
1186 2407 1260 2454 ro
1307 2384 1713 2474 hujusmodi
1761 2386 1999 2455 efferre
2062 2398 2125 2455 te
2186 2385 2549 2454 Dominum
2610 2385 3142 2469 universorum.

580 2473 911 2563 Equidem
962 2496 1087 2565 pro
1134 2407 1244 2544 llis
1293 2486 1356 2545 te
1406 2475 1692 2544 Domine
1753 2488 2107 2546 aeternum
2176 2472 2475 2544 laudabo
2505 2529 2521 2556 ,
2588 2485 2655 2543 et
2719 2472 3144 2565 glorificabo

579 2585 827 2633 nomen
862 2576 1053 2633 tuum
1089 2564 1157 2633 in
1186 2562 1509 2635 seculaj»
1559 2564 1730 2634 Inde
1777 2585 2152 2635 conversus
2190 2562 2276 2637 ad
2308 2575 2568 2632 castam
2607 2562 2713 2632 Dei
2758 2564 2871 2632 vir
2927 2566 3144 2636 inem.

576 2657 898 2736 §Quaeso
928 2665 1013 2734 te,
1055 2652 1301 2740 inquit,
1355 2652 1523 2734 filia,
1557 2675 1768 2741 quam
1820 2654 1907 2723 ob
1959 2675 2101 2722 rem
2134 2665 2253 2722 aut
2284 2652 2542 2738 quibus
2570 2652 2658 2721 ab
2687 2652 2836 2721 oris
2939 2677 3037 2724 uc
3067 2654 3144 2722 ad

581 2763 706 2810 nos
751 2742 1147 2823 accesseriS,
1202 2754 1345 2811 turn
1397 2763 1534 2829 quo
1581 2741 1844 2812 voceris
1892 2742 2193 2821 nomine,
2247 2752 2312 2809 et
2358 2762 2537 2827 quae
2583 2740 2674 2810 sit
2710 2743 2956 2830 gentis
2995 2757 3140 2813 tuae

579 2829 752 2901 fides
798 2842 864 2900 et
912 2830 1177 2989 Γθίἰῆξο,
1235 2829 1434 2900 nobis
1480 2830 1844 2919 explicato.
1899 2836 2067 2900 Puto
2113 2829 2298 2899 enim
2342 2843 2404 2898 te
2448 2826 2894 2900 nobilissima
2933 2833 3138 2922 stirpe

577 2919 859 3000 editam,
910 2931 977 2988 et
1022 2941 1058 2988 a
1160 2919 1177 2987 i

581 3007 872 3077 ditam.»
913 3012 1081 3077 Tum
1136 3007 1181 3077 il
1214 3029 1257 3076 a
1288 3020 1512 3077 mente
1558 3021 1624 3077 et
1672 3006 1845 3078 facie
1894 3006 2359 3087 serenissima,
2393 3006 2590 3076 vultu
2628 3005 2998 3080 submisso
3029 3008 3128 3076 di·

581 3108 758 3165 serte
804 3107 871 3165 et
919 3095 1069 3166 fuse
1119 3095 1496 3185 respondit.

674 3186 711 3271 §
757 3187 839 3255 8.
892 3189 1064 3253 Tum
1119 3182 1531 3254 venerabilis
1580 3206 1898 3255 summae
1943 3197 2008 3255 et
2055 3183 2479 3274 Apostolicae
2534 3183 2729 3253 Sedis
2785 3185 3126 3264 Pontifex.

584 3293 719 3341 non
773 3273 1149 3353 hominem,
1205 3272 1321 3342 sed
1360 3272 1682 3374 spiritum
1725 3274 1863 3355 Dei,
1910 3273 1977 3342 in
2019 3273 2228 3343 castis
2263 3272 2641 3343 visceribus
2674 3271 3134 3351 habitantem.

582 3361 709 3429 ista
763 3361 1195 3450 prolocutum
1246 3375 1572 3442 sentienS,
1625 3383 1859 3431 coram
1909 3362 2237 3431 omnibus
2287 3362 2380 3430 ita
2418 3362 2551 3431 ait:
2589 3385 2624 3428 «
2659 3363 3042 3434 Benedicta
3071 3364 3146 3434 fl-

582 3447 677 3518 lia
725 3461 798 3519 tu
846 3470 888 3517 a
938 3449 1225 3518 Domino
1260 3455 1391 3518 Deo
1424 3451 1875 3530 exercituum,
1921 3472 2100 3538 quae
2141 3450 2209 3518 in
2257 3463 2370 3520 tua
2408 3472 2584 3541 pura
2621 3465 2854 3521 mente
2880 3454 3146 3543 Jucun·

584 3535 751 3606 dum
791 3542 922 3608 Deo
951 3539 1372 3628 praeparasti
1410 3538 1913 3610 babitaculum.
1949 3544 2090 3610 Non
2127 3550 2390 3628 oportet
2420 3560 2584 3629 ergo
2618 3554 2949 3611 sanctum
2985 3565 3150 3613 eon·

584 3626 839 3696 tristari
889 3627 1247 3717 Spiritum,
1300 3628 1505 3718 cujus
1556 3651 1751 3708 mens
1803 3627 2056 3718 pudica
2105 3624 2488 3698 sacrarium
2537 3640 2665 3699 est.
2710 3632 2790 3697 Et
2835 3629 3145 3702 inultum

582 3716 653 3785 in
706 3729 766 3784 te
814 3716 1251 3786 venerandus
1296 3729 1398 3787 est
1445 3738 1766 3787 summus
1814 3715 1931 3787 ille
1976 3716 2241 3794 artifex,
2286 3719 2410 3809 qui
2443 3727 2767 3808 operatur
2803 3722 3054 3790 omnia
3083 3721 3148 3790 in

580 3806 903 3885 omnibus,
958 3805 1261 3876 dividens
1303 3808 1618 3896 sinqulis,
1669 3815 1873 3907 prout
1919 3809 2067 3876 vult
2109 3806 2251 3895 (Em
2308 3810 2371 3875 l.
2438 3812 2583 3878 Cor.
2626 3804 2770 3896 xii).
2817 3809 2949 3898 Eja
2979 3831 3152 3898 ergo
3257 3812 3258 3849 ³

581 3894 772 3984 virgo
819 3907 1008 3964 casta
1053 3908 1119 3965 et
1167 3893 1442 3984 pudica,
1495 3916 1775 3983 suscipe
1821 3894 2005 3982 quod
2055 3908 2332 3965 aeterno
2379 3894 2603 3966 amori
2652 3896 2721 3963 in
2773 3908 2840 3963 te
2887 3918 3148 3968 cumu-

582 3981 790 4052 lando
839 3984 1173 4074 proficiat.
1227 3983 1467 4053 Oblata
1518 3984 1640 4054 tibi
1688 3983 1820 4053 sub
1868 3982 2094 4073 specie
2144 3982 2416 4073 pietatis
2464 4006 2500 4052 a
2536 3984 2991 4072 corruptibili
3031 3984 3151 4057 ho-

584 4072 770 4141 mine
819 4094 1111 4142 munera
1155 4072 1505 4162 abjecisti:
1558 4072 1796 4161 accipe
1846 4094 2032 4142 nune
2083 4093 2204 4163 per
2240 4084 2540 4142 nostram
2578 4071 3154 4146 benedictionem

583 4159 703 4229 tibi
753 4180 803 4229 a*
843 4162 1130 4231 Domino
1180 4161 1575 4251 praestitam
1625 4160 1893 4242 dotem,
1946 4184 2080 4249 qua
2132 4175 2195 4231 te
2263 4162 2513 4231 Cliristi
2571 4184 2604 4232 s
2655 4182 2905 4230 onsam
2967 4186 3156 4235 sem·

582 4248 920 4339 piternam
971 4271 1389 4341 cognoscaS,
1465 4262 1530 4320 et
1593 4251 2007 4341 contemptis
2078 4250 2286 4320 rebus
2352 4249 2609 4320 labenti
2662 4271 2788 4332 us,
2860 4272 3156 4344 semper

636 4462 666 4489 ·
693 4463 738 4504 s.
759 4460 951 4503 uncini
970 4464 1049 4514 Pp.
1067 4464 1105 4509 1.
1124 4463 1260 4504 atu-t.

1233 2941 1309 2988 sa
1359 2916 1648 2988 infantia
1699 2918 2213 2989 Ecclesiasticae
2259 2916 2671 3008 disciplinae
2722 2917 2958 2991 literis
2994 2941 3138 2990 eru·
3261 2912 3262 2931 ¹
