3308 5004
180 383 322 451 AUG.
363 382 399 447 2
813 398 894 446 nr.
939 398 997 446 s.
1050 398 1375 448 ALrnoi-iso
1423 401 1491 448 ir.
1543 399 1624 447 nr.
1669 397 1922 447 ticonio
2471 380 2558 447 87

176 480 649 572 crucifigeretur,
705 488 908 567 atque
954 479 1048 548 ita
1094 478 1166 548 in
1218 479 1583 570 perfectam
1644 477 1892 549 Christi
1940 477 2312 571 imaginem
2373 477 2645 549 exscul-

177 568 782 661 peretur.1nstituto
851 568 950 638 sic
1007 567 1283 659 agitato,
1353 569 1502 660 ipse
1577 567 1962 638 innumeris
2027 569 2244 638 animi
2306 567 2648 656 angustiis

173 673 331 745 atque
370 655 722 728 horrendis
755 656 1244 728 tentationibus
1274 658 1490 747 premi
1531 656 1777 747 coepit.
1821 662 2013 726 Tetra
2045 668 2109 726 et
2138 655 2466 726 diuturna
2498 656 2649 757 ejus

181 761 413 816 mentem
445 745 741 838 pervasit
773 745 1272 838 desperationis
1302 745 1648 836 cogitatio;
1678 767 1855 833 quae
1883 745 2203 842 cogitatio
2235 756 2368 815 tam
2403 756 2652 815 acriter

177 835 411 905 subinde
460 834 921 905 venerabilem
970 834 1202 905 Virum
1269 857 1453 926 oppu
1512 834 1740 915 nabat,
1794 845 1872 904 ut
1915 855 2193 918 oinneS‚
2245 833 2364 922 qui
2416 834 2649 924 ipsum

178 923 436 1006 adibant,
505 923 588 995 ad
642 924 1305 997 commiserationem
1379 924 1447 992 in
1508 934 1916 995 ecterentur.
1962 927 2445 992 Verumtamen
2500 942 2653 1013 pre-

173 1013 409 1083 cationis
453 1013 800 1103 praesidio
846 1024 1086 1092 tectus,
1140 1012 1488 1083 victoriam
1525 1033 1798 1102 semper
1846 1011 2128 1082 retinuit
2162 1011 2409 1081 Christi
2456 1011 2651 1083 fortis

172 1099 394 1172 athleta.
446 1102 950 1193 Desperationis
996 1101 1434 1172 tentationem
1477 1101 1613 1171 alia
1659 1122 1794 1170 non
1847 1101 2082 1170 minus
2128 1099 2458 1170 immanis
2491 1121 2652 1190 pro-

167 1189 303 1260 cella
353 1191 658 1261 insecuta
704 1203 829 1260 est.
883 1190 1114 1281 Coepit
1174 1189 1565 1281 Alphonsus
1629 1189 1823 1260 miris
1889 1187 2113 1260 modis
2161 1188 2647 1279 scrupulorum

170 1280 416 1367 torqueri
463 1279 835 1371 supplicio.
878 1283 955 1349 ln
1006 1279 1158 1370 ejus
1191 1277 1639 1360 intellectum,
1681 1277 2112 1368 permittente
2160 1281 2292 1347 Deo
2319 1332 2334 1358 ,
2380 1276 2652 1347 densis-

163 1365 336 1438 simae
360 1368 680 1439 inductae
717 1380 881 1439 sunt
912 1367 1255 1450 tenebrae;
1308 1367 1566 1449 omnia,
1615 1388 1793 1454 quae
1839 1388 2041 1457 agere
2088 1365 2646 1458 aggrediebatur,

163 1454 176 1521 i
217 1456 263 1525 si
305 1456 706 1528 videbantur
735 1456 1000 1539 illicita;
1046 1469 1324 1547 peccata
1364 1455 1762 1548 peccatique
1808 1456 2200 1526 occasiones
2247 1454 2506 1542 ubique
2549 1453 2652 1522 vi-

193 1566 283 1615 ere
316 1567 380 1615 se
423 1546 768 1629 credebat,
820 1557 885 1616 et
929 1544 1356 1616 dubitatione
1405 1566 1679 1635 semper
1724 1545 2128 1633 angebatur,
2183 1565 2266 1612 ne
2299 1541 2492 1625 sorte,
2530 1564 2653 1634 per

156 1654 217 1702 ea
251 1655 409 1721 quae
458 1635 735 1737 egisset,
789 1634 901 1704 Dei
953 1634 1172 1724 gratia
1219 1633 1602 1705 excidisset.
1656 1634 1786 1717 Qui
1833 1631 2113 1722 quidem
2186 1654 2346 1702 scru
2405 1631 2499 1702 uli
2552 1632 2651 1702 ita

152 1721 418 1793 animum
473 1746 630 1815 eJus
674 1723 1100 1804 cruciabant,
1146 1734 1222 1792 ut
1274 1722 1472 1810 quasi
1522 1722 1590 1791 in
1642 1722 1894 1812 agonia
1957 1721 2219 1812 positus
2272 1721 2332 1789 vi
2388 1731 2644 1790 eretur.

157 1814 476 1883 Moerentes
530 1824 696 1883 tunc
743 1812 813 1881 in
866 1811 1111 1882 Christi
1161 1811 1474 1882 crucifixi
1522 1811 1895 1903 imaginem
1966 1809 2206 1880 oculos
2259 1809 2642 1898 injiciebat,

155 1897 223 1968 ita
251 1900 448 1971 flebili
497 1923 662 1972 voce
699 1901 967 1992 precari
1015 1900 1306 1971 solitus:
1352 1923 1387 1967 «
1424 1900 1510 1969 Mi
1556 1906 1748 1981 Jesu,
1797 1923 1879 1970 ne
1927 1899 2284 1990 permittas
2343 1919 2449 1969 me
2496 1896 2643 1968 fieri

152 1989 558 2077 reprobum.»
596 1994 783 2060 Inter
828 1990 1020 2073 haec,
1061 1989 1316 2060 multae
1362 1988 1538 2059 aliae
1597 1988 1885 2079 periculi
1936 1987 2377 2079 plenissimae
2439 1998 2654 2056 tenta-

152 2075 329 2148 tiones
387 2093 704 2149 sanctum
754 2100 987 2149 senem
1038 2077 1551 2158 adoriebantur,
1616 2078 1879 2148 scilicet
1932 2075 2380 2167 cogitationes
2430 2096 2647 2145 vanae

182 2163 386 2248 leriae,
423 2168 1033 2259 praesumptionis,
1072 2166 1596 2250 incredulitatis;
1626 2167 1794 2253 quin
1829 2165 2031 2235 etiam
2062 2164 2253 2256 (quis
2280 2162 2655 2252 crederet„

182 2266 311 2327 atus
353 2269 455 2327 est
482 2256 547 2326 ei
572 2256 899 2329 stimulus
930 2255 1163 2326 carnis
1193 2277 1378 2326 suae.
1418 2260 1635 2339 Quam
1676 2255 2114 2325 tentationem
2148 2275 2307 2322 cum
2345 2252 2647 2341 quadam

146 2339 231 2410 die
268 2345 728 2435 experiretur:
772 2368 809 2414 «
838 2345 1027 2416 Eheu
1057 2347 1071 2414 l
1122 2344 1457 2435 (gemens
1504 2342 1968 2432 exclamavit)
2002 2341 2350 2432 octoginta
2397 2353 2463 2412 et
2500 2352 2652 2411 octo

148 2449 327 2504 annos
356 2445 565 2506 natus
602 2456 785 2516 sum,
837 2446 905 2506 et
953 2433 1260 2505 nondum
1300 2432 1641 2504 deferbuit
1671 2433 1854 2523 ignis
1900 2430 2407 2502 adolescentiae
2433 2450 2648 2500 meae.

148 2520 301 2600 Quod
349 2523 481 2593 nisi
521 2537 619 2604 tu,
674 2545 715 2595 o
747 2524 995 2605 Maria,
1046 2522 1217 2592 mihi
1251 2522 1552 2613 adjutrix
1582 2523 1872 2603 veneriS,
1908 2521 2228 2608 equidem
2265 2519 2416 2610 ipso
2462 2518 2647 2589 Juda

149 2610 302 2699 pejor
341 2611 631 2682 evadere
680 2633 1036 2703 possum.»
1071 2610 1245 2694 Quid
1271 2612 1416 2701 jam
1460 2610 1715 2702 plura?
1755 2616 1847 2682 Ne
1880 2607 2299 2679 omnimodis
2344 2607 2496 2696 ejus
2525 2629 2656 2677 an-

147 2699 353 2784 gustiis
398 2701 574 2789 quid
630 2702 764 2772 iam
800 2701 1086 2782 deesset,
1128 2699 1364 2772 multis
1396 2722 1476 2770 ac
1525 2700 1731 2771 variis
1764 2722 1803 2769 a
1849 2697 2124 2768 diabolo
2171 2695 2525 2766 divexatus
2551 2708 2655 2766 est

149 2785 577 2873 phantasmati
629 2813 737 2861 uS.
769 2796 979 2879 Atque
1009 2789 1124 2860 hic
1148 2788 1426 2877 quidem
1473 2788 1897 2879 probationis
1929 2799 2169 2866 status,
2209 2785 2396 2856 omni
2437 2797 2656 2855 morte

146 2878 441 2960 amarior,
498 2901 624 2971 per
671 2880 1015 2981 integrum
1067 2899 1333 2948 annum
1382 2892 1448 2948 et
1492 2899 1572 2948 eo
1619 2876 1964 2968 ampliuS,
2031 2873 2450 2967 perduravit.
2506 2877 2654 2956 Quo

144 2961 335 3055 elapso
382 2981 516 3038 tem
575 2990 714 3050 ore,
750 2979 1073 3039 misertus
1121 2966 1397 3038 tandem
1442 2966 1549 3036 sui
1583 2965 1831 3036 famuli
1866 2970 2069 3045 Deus,
2112 2965 2355 3033 anxias
2387 2985 2467 3033 ex
2502 2963 2656 3054 ejus

150 3069 334 3125 mente
379 3069 536 3127 tene
591 3079 702 3128 ras
733 3055 1026 3147 disjecit,
1081 3076 1381 3143 eumque
1430 3054 1499 3124 in
1543 3053 1927 3125 serenitatis
1972 3075 2052 3123 ac
2101 3052 2291 3144 pacis
2341 3051 2658 3143 pulchri·-

148 3140 341 3241 tudine
382 3145 769 3216 collocavit.
826 3145 1085 3216 Exhinc
1133 3144 1526 3236 Alphonsus
1587 3144 1659 3213 in
1723 3155 1987 3213 extases
2036 3141 2324 3233 rapitur,
2382 3140 2657 3232 praedi-

147 3239 361 3304 ctiones
405 3234 577 3315 edit,
631 3256 714 3305 ac
761 3233 1097 3304 miracula
1145 3244 1492 3323 operatur.

212 3320 243 3405 ἓ
280 3326 368 3392 θ.
418 3327 498 3393 At
548 3322 823 3394 fructus
857 3322 1045 3393 coelo
1091 3334 1237 3391 erat
1285 3334 1625 3406 maturus;
1676 3331 1742 3390 et
1773 3333 2051 3411 tempus
2082 3318 2473 3400 advenerat,
2513 3337 2655 3405 quo

150 3400 551 3499 longissimae
579 3413 732 3504 ejus
762 3410 1296 3503 peregrinationi
1332 3410 1495 3480 finis
1526 3410 2022 3501 imponeretur.
2066 3431 2101 3475 «
2123 3406 2453 3489 Tandem,
2490 3426 2652 3476 cum

155 3501 640 3589 nonagesimum
694 3501 995 3591 primum
1047 3500 1288 3570 aetatis
1336 3520 1598 3569 annum
1651 3499 2021 3589 attigisset,
2058 3496 2453 3587 Alphonsus
2494 3494 2656 3585 (ceu

154 3576 405 3671 loquitur
448 3589 655 3660 Bulla
706 3589 858 3680 ejus
918 3586 1529 3676 Canonizationis)
1577 3587 2009 3678 properantis
2062 3585 2205 3676 jam
2258 3584 2344 3654 ad
2396 3595 2655 3653 metam

157 3676 343 3746 aetatis
386 3678 698 3779 pondere
739 3700 1052 3780 pressuS,
1094 3689 1160 3747 et
1207 3678 1399 3767 gravi
1429 3689 1787 3767 correptus
1836 3674 2102 3756 morb0,
2139 3672 2494 3743 decubuit.
2540 3675 2658 3741 In-

157 3761 414 3835 credibili
466 3768 801 3859 patientia
841 3766 1167 3847 toleratiS,
1199 3765 1397 3854 queis
1444 3766 1778 3836 acerrime
1826 3763 2390 3843 discruciaretur,
2432 3759 2658 3830 morbi

159 3842 477 3938 doloribus,
517 3868 587 3927 et
635 3856 756 3926 reli
813 3855 995 3927 iosae
1034 3854 1408 3933 societatis,
1441 3855 1644 3946 cujus
1683 3867 1923 3925 auctor
1967 3851 2212 3933 fuerat,
2266 3849 2537 3920 sodales
2567 3847 2652 3917 ad

164 3951 376 4012 omnem
428 3945 707 4015 virtutis
789 3944 1038 4015 audem
1104 3943 1703 4014 vehementissime
1747 3943 2169 4024 cohortatuS,
2236 3944 2339 4010 Ss.
2384 3936 2657 4007 Eucha-

168 4023 338 4100 ristiae
378 4033 644 4105 Viatico
696 4032 992 4104 resectus
1035 4043 1160 4115 est,
1214 4055 1294 4102 ac
1358 4046 1596 4103 sancta
1643 4031 1788 4103 Olei
1846 4031 2176 4102 Unctione
2245 4025 2582 4096 munitus.
2618 4048 2655 4094 »
2743 4116 2748 4122 Ι
2845 4080 2848 4083 .

172 4111 301 4191 Quae
340 4143 556 4193 sanus
589 4121 812 4193 facere
857 4132 1327 4203 consueverat,
1369 4120 1537 4193 haec
1569 4120 1808 4191 eadem
1845 4131 2208 4210 aegrotans
2255 4115 2477 4185 facere
2504 4135 2660 4206 per-

177 4204 349 4297 gebat:
400 4233 645 4301 preces
691 4210 1025 4283 fundebat
1070 4211 1353 4302 jugiter,
1404 4223 1471 4280 et
1517 4233 1676 4280 cum
1737 4207 2008 4309 Christo
2047 4229 2128 4276 ac
2177 4204 2466 4307 Deipara
2515 4203 2661 4274 Vir-

179 4300 739 4465 ffietgaaetlelrisque
787 4301 936 4371 suis
972 4299 1310 4382 Patronis,
1362 4299 1563 4388 quasi
1592 4298 1938 4378 adessent,
1992 4294 2463 4367 indesinenter
2511 4291 2660 4363 col-

238 4468 411 4556 ὅίθ.
439 4482 779 4571 Suprema
806 4500 960 4550 vero
985 4497 1144 4548 eum
1176 4477 1497 4547 manebat
1517 4474 1921 4547 consolatio.
1948 4474 2190 4544 Vivens
2216 4468 2650 4562 saepissime,

322 4744 363 4787 ἢ.
