3308 5004
185 393 325 460 AUG.
370 392 406 457 4
786 388 794 397 ’
1144 413 1223 460 uz
1270 413 1327 461 s.
1380 410 1683 460 notumco
2463 389 2589 460 ⁴63

184 497 422 585 itemque
461 497 530 565 in
583 496 888 567 vestibus
935 509 1002 568 et
1050 498 1377 568 manibus
1405 520 1673 577 eorum,
1707 497 1830 590 qui
1868 520 2102 569 sacras
2145 498 2474 587 reliquias
2504 522 2670 570 con-

176 586 462 677 tigerant:
515 598 583 656 et
647 586 717 655 in
785 607 1111 677 praesens
1164 608 1440 676 quoque
1503 587 1573 656 in
1634 587 1854 656 sacris
1909 588 2185 658 ossibus
2255 589 2668 659 mirabiliter

169 676 431 745 sentitur.
477 679 678 744 Facta
718 687 820 744 est
871 673 1037 745 haec
1082 669 1435 746 translatio
1468 696 1652 746 anno
1692 674 1943 747 Christi
1996 676 2364 747 millesimo
2405 678 2670 748 ducen-

169 765 365 833 tesimo
394 764 743 834 tricesimo
777 765 973 834 tertio
1000 819 1016 846 ,
1070 765 1451 836 indictione
1492 777 1702 846 sexta,
1744 764 2192 836 Pontificatus
2240 766 2548 857 Gregorii
2584 772 2670 837 IX

170 874 313 923 anno
345 866 574 923 sexto:
628 853 714 922 ab
764 853 957 923 obitu
993 854 1171 925 beati
1223 853 1556 923 Dominici
1592 853 1788 923 tertio
1827 853 2119 924 decimo.
2153 855 2251 924 Sit
2278 877 2403 956 per
2431 856 2668 925 omnia

171 940 523 1012 benedictus
564 946 785 1022 DeuS,
839 947 1076 1012 Amen.
1124 942 1484 1013 collocatis
1536 964 1693 1012 vero
1751 945 1969 1013 sacris
2022 943 2331 1031 reliquiis
2382 943 2670 1014 honesto

173 1027 281 1100 loco
302 1044 361 1100 et
387 1030 787 1113 venerabili,
827 1030 1088 1123 singuli
1129 1031 1212 1102 ad
1258 1054 1382 1102 sua
1418 1043 1582 1101 sunt
1614 1030 1891 1109 reversi.
1923 1031 2267 1102 Christum
2300 1033 2665 1104 Dominum

172 1118 219 1186 in
249 1119 384 1209 ejus
426 1119 613 1189 fideli
650 1141 842 1189 servo
883 1121 1239 1191 Dominico
1271 1119 1775 1190 collaudantes.

229 1211 443 1295 §1OE
498 1199 708 1278 Tanta
756 1223 984 1279 autem
1036 1233 1157 1301 per
1191 1209 1259 1278 id
1310 1222 1605 1299 tempuS,
1662 1221 1808 1280 tum
1850 1207 2072 1309 gratia
2107 1209 2665 1299 praedicationis,

167 1306 273 1364 tum
304 1319 587 1388 operum
628 1297 1052 1368 mirabilium
1092 1297 1398 1369 efficacia
1443 1309 1509 1367 et
1557 1318 1679 1388 per
1725 1297 2021 1377 Italiam,
2077 1310 2142 1367 et
2180 1298 2251 1367 in
2302 1298 2458 1368 aliis
2511 1320 2669 1389 pro-

164 1384 370 1456 vinciis
401 1386 666 1457 meritis
716 1387 894 1456 beati
941 1388 1067 1456 viri
1122 1389 1190 1457 in
1238 1388 1390 1478 ejus
1428 1387 1782 1457 Fratribus
1826 1387 2067 1468 extitit,
2120 1398 2197 1456 ut
2237 1399 2417 1457 totus
2465 1389 2666 1458 Orbis

163 1486 447 1563 stuperet,
501 1490 567 1545 et
613 1476 681 1543 in
734 1475 1102 1547 Salvatoris
1147 1497 1452 1548 amorem
1499 1488 1566 1547 et
1614 1475 1890 1547 laudem
1943 1475 2437 1546 exardesceret.
2494 1482 2660 1546 Nam

163 1565 212 1630 F.
253 1569 549 1636 ,loannes
582 1564 798 1634 Vincii
834 1618 851 1646 ,
918 1566 1018 1635 vir
1066 1566 1303 1653 utique
1354 1570 1483 1636 Deo
1531 1565 1843 1645 devotuS,
1895 1578 1961 1634 et
2009 1565 2363 1648 verbiDei
2419 1587 2663 1655 praeco

159 1652 438 1736 eximiuS,
474 1651 893 1743 professione
922 1655 1436 1736 Dominicanus,
1467 1654 1690 1744 coepit
1717 1666 1864 1724 tum
1906 1653 2250 1723 Bononiae
2284 1653 2700 1755 praeclaris-

159 1737 387 1832 fulgere
451 1741 850 1812 miraculis:
918 1742 1128 1830 idque
1183 1743 1400 1824 ade0,
1453 1756 1529 1813 ut
1591 1743 1840 1812 virtute
1886 1741 2099 1822 fidei,
2162 1742 2396 1813 divma
2443 1743 2659 1834 gratia

154 1828 477 1912 efficiente,
506 1831 739 1900 decem
774 1831 908 1900 vita
939 1830 1210 1902 functos
1239 1832 1326 1901 ad
1370 1833 1574 1902 vitam
1613 1832 1967 1912 revocarit,
2003 1830 2278 1919 aliaque
2320 1831 2659 1923 permulta

153 1919 460 2008 stupenda
501 1919 836 1989 miracula
868 1942 988 2009 per
1011 1942 1169 1990 eum
1211 1920 1539 1991 Dominus
1568 1933 1876 2010 potenter
1904 1932 1969 1990 et
2006 1918 2305 2011 benigne
2333 1921 2657 1991 effecerit.

151 2009 327 2077 Porro
373 2008 614 2079 eodem
661 2030 865 2087 anno,
916 2031 1054 2097 quo
1107 2009 1483 2079 beatissimi
1532 2009 1749 2078 Patris
1784 2008 2119 2078 Dominici
2155 2023 2664 2100 corpustrans-

150 2092 331 2166 latum
394 2112 549 2179 est,
602 2098 969 2188 Gregorius
1030 2101 1116 2167 1x
1189 2096 1487 2168 Pontifex
1555 2098 1892 2167 Maximus
1951 2099 2359 2188 spectabiles
2424 2100 2656 2179 viros,

150 2181 420 2272 itemque
485 2187 925 2274 inquisitores
986 2187 1387 2257 auctoritate
1442 2187 1827 2278 Apostolica
1878 2185 2109 2268 misit,
2171 2188 2292 2274 qui
2341 2187 2425 2257 de
2475 2188 2609 2257 vita
2643 2242 2658 2266 ,

145 2275 658 2356 conversatione,
710 2274 997 2345 decessu
1043 2289 1107 2344 et
1157 2274 1512 2346 miraculis
1557 2276 1779 2345 sancti
1842 2275 1969 2344 viri
2019 2288 2336 2345 accurate
2389 2277 2663 2366 perqui-

144 2375 364 2432 rerent.
420 2363 535 2433 Illi
583 2375 785 2434 testes
832 2364 1033 2455 plena
1078 2364 1212 2433 fide
1260 2365 1744 2435 testimonium
1782 2363 2087 2434 dicentes
2126 2364 2542 2443 audierunt,
2596 2376 2662 2433 et

143 2448 298 2522 dicta
335 2475 579 2523 eorum
629 2453 823 2525 sedes
872 2453 1253 2544 Apostolica
1304 2465 1447 2524 rata
1507 2452 1754 2524 habuit
1800 2466 1865 2523 et
1903 2452 2332 2555 approbavit.
2387 2453 2656 2536 Quibus

142 2541 299 2625 quod
355 2542 563 2632 longe
619 2544 1083 2633 praestantius
1130 2555 1274 2624 est,
1328 2544 1533 2612 etiam
1586 2543 1810 2632 ipsius
1861 2547 1972 2611 Det
2025 2542 2495 2612 testimonium
2546 2564 2661 2611 ac-

142 2631 341 2701 cessit.
394 2637 598 2702 Pater
642 2631 853 2711 enim,
906 2644 970 2701 et
1020 2631 1337 2712 Verbum,
1393 2643 1457 2702 et
1505 2631 1803 2720 Spiritus
1851 2635 2188 2713 Sanctus,
2252 2652 2437 2700 unus
2489 2635 2664 2699 Deus

138 2719 236 2803 qui
283 2720 446 2790 facit
500 2720 844 2790 mirabilia
896 2742 1146 2812 magna
1196 2719 1384 2791 solus
1425 2719 1830 2791 testificatur
1881 2721 1947 2788 in
2000 2719 2304 2789 Ecclesia
2345 2719 2565 2810 signis
2599 2731 2664 2788 et

142 2808 482 2898 prodigiis,
520 2831 671 2877 vere
711 2824 1028 2879 sanctum
1065 2809 1278 2880 fuisse
1319 2810 1753 2878 Dominicum
1799 2808 2068 2878 fidelem
2106 2830 2379 2878 servum
2423 2829 2657 2877 suum.

138 2897 348 2983 Itaque
379 2896 715 2980 Pontifex,
751 2898 871 2984 qui
902 2898 1050 2986 jam
1099 2910 1257 2968 ante
1289 2920 1422 2967 non
1476 2899 1824 2967 nesciebat
1872 2910 2180 2968 sanctam
2230 2898 2384 2986 ejus
2419 2897 2489 2966 in
2539 2901 2667 2965 Do-

142 2984 300 3054 mino
361 2987 1006 3069 conversationem,
1074 3008 1373 3075 eumque
1443 2985 1612 3056 dum
1675 2986 1972 3066 viveret,
2045 2985 2230 3055 haud
2291 2985 2670 3077 vulgariter

139 3070 399 3145 charum
452 3075 837 3155 habuerat,
895 3098 1036 3145 una
1084 3098 1244 3146 cum
1298 3074 1780 3145 Cardinalibus
1836 3097 1994 3145 eum
2047 3076 2316 3145 censuit
2365 3076 2436 3143 in
2494 3080 2669 3144 San-

142 3171 379 3233 ctorum
424 3163 667 3233 album
718 3162 1150 3233 referendum
1200 3166 1271 3232 in
1326 3165 1453 3234 hac
1504 3164 1804 3234 Ecclesia
1845 3164 2206 3245 militante,
2270 3184 2473 3253 quem
2528 3184 2667 3232 non

140 3246 463 3322 dubitaret
512 3273 674 3321 cum
728 3251 863 3322 illis
913 3252 1309 3322 felicissime
1351 3275 1638 3353 regnare
1686 3252 1756 3321 in
1808 3252 2108 3323 Ecclesia
2163 3252 2662 3342 triumphante.

143 3338 343 3427 Itaque
375 3363 566 3410 anno
589 3363 628 3409 a
666 3353 865 3430 partu
882 3341 1183 3431 Virginis
1214 3341 1580 3411 millesimo
1610 3340 2085 3412 ducentesimo
2122 3340 2669 3412 tricesimotertio

146 3427 472 3501 Romanus
506 3429 833 3510 Pontifex,
890 3430 1161 3499 fidelem
1198 3430 1445 3500 Christi
1480 3452 1755 3501 servum
1803 3431 2238 3500 Dominicum
2278 3431 2543 3501 Perusii
2596 3430 2666 3497 in

147 3520 369 3612 sanctis
419 3519 940 3588 numerandum
993 3519 1495 3610 pronunciavit,
1549 3532 1614 3589 et
1662 3520 1812 3609 ejus
1860 3519 2044 3589 diem
2095 3519 2343 3590 festum
2394 3520 2480 3588 ab
2515 3541 2668 3587 om-

146 3603 312 3676 nibus
354 3608 698 3678 celebrari
747 3608 982 3677 voluit.
1038 3609 1217 3677 Misit
1248 3609 1453 3678 etiam
1506 3606 1738 3678 literas
1774 3629 1895 3699 per
1925 3630 2203 3678 omnem
2256 3607 2660 3683 Ecclesiam,

148 3694 360 3853 (Suillius
386 3697 546 3799 ejus
589 3697 660 3765 in
688 3702 970 3767 Sanctos
1007 3697 1429 3780 relationem,
1470 3697 1785 3787 vitaeque
1817 3698 2275 3789 integritatem
2314 3698 2494 3768 bona
2528 3695 2666 3766 fide

179 3801 231 3853 ec
260 3797 511 3855 aravit.
