3308 5004
203 347 389 418 RUG.
428 345 531 433 '20
858 365 939 414 ns
959 363 1048 415 vsa
1074 362 1429 415 anunm
1469 361 1618 414 aas.
1669 363 2062 414 emunt..
2544 346 2676 418 180

202 450 483 546 spiritu,
509 449 629 546 =vir
664 449 947 543 septimis
968 463 1038 522 et
1066 461 1417 533 constans,
1445 452 1582 539 qui2
1602 451 1818 521 etiam
1849 450 2210 543 religionis
2232 464 2324 524 et
2352 446 2766 545 prudentiae

206 542 489 625 merito,¹
509 553 751 633 postea
787 540 861 611 in
894 539 1195 613 Ecclesia
1235 540 1657 644 Lingonensi
1689 539 1920 612 faetus
1955 538 2373 634 Episcopus,
2402 554 2470 613 et
2503 544 2766 616 sancti·-

207 630 697 704 tatisformam·
722 629 1053 711 retinens,
1096 629 1579 721 etdlgnitatis,
1631 630 1888 732 inqua
1925 643 2053 712 est,
2090 630 2768 704 bonoremnonmi·

210 739 456 800 nuens,
494 737 725 807 usque
768 718 978 789 hodie
1017 718 1386 810 egrediens
1406 730 1481 789 et
1510 718 1935 810 ingrediens,
1974 718 2421 791 laudabiliter
2450 723 2769 813 perseve-

212 820 336 882 rat.
378 809 466 880 Hi
500 827 665 910 ergo
690 821 902 896 atque
935 807 1061 878 alii
1081 806 1323 899 plures
1361 807 1492 877 viri
1529 807 1829 898 providi,
1865 819 1933 879 et
1962 807 2052 878 de
2081 810 2442 879 communi
2471 810 2769 883 utilitate

214 898 486 979 soliciti,
540 915 765 972 vinum
813 897 971 978 Dei,
1023 897 1227 986 cujns
1274 897 1706 969 conversatio
1751 897 1822 966 in
1873 896 2090 968 coelis
2134 909 2283 968 erat
2313 952 2329 980 ,
2389 897 2768 986 aliqua-ndo

98 1068 109 1081 .
214 984 627 1060 descendere
664 986 1196 1077 compellebant,
1232 999 1300 1056 et
1336 983 1838 1056 indicabantei
1865 1006 2046 1074 quae
2092 985 2352 1059 domos
2396 988 2768 1060 necessitas
2878 1012 2882 1018 ·

218 1076 553 1169 exigebat.
607 1074 979 1146 Insinuant
1025 1075 1258 1163 itaque
1286 1074 1348 1145 ei
1398 1073 1627 1145 locum
1671 1087 2048 1167 angustum
2099 1088 2168 1146 et
2211 1075 2765 1160 incommodum,

212 1165 281 1235 in
319 1184 487 1253 quo
528 1163 1018 1246 considerant,
1074 1183 1200 1234 nec
1253 1183 1579 1255 capacem
1631 1175 1861 1234 tantae
1907 1162 2430 1236 multitudinis:
2491 1176 2768 1236 et-cum

210 1252 520 1343 quotidie
567 1252 966 1323 catervatim
1016 1253 1538 1323 adventantium
1573 1272 1910 1322 numerus
1955 1266 2349 1344 augeretur,
2390 1274 2524 1324 non
2569 1274 2771 1345 posse

208 1364 323 1415 eos
371 1343 555 1413 intra
600 1354 1039 1413 constructas
1078 1341 1293 1433 recipi
1341 1341 1681 1423 officinas,
1726 1353 1811 1412 et
1835 1341 1959 1412 :vix
1994 1343 2373 1413 oratorium
2408 1342 2574 1414 solis
2620 1342 2770 1413 sufe-

210 1431 421 1503 ficere
470 1430 857 1502 monachis.
928 1430 1206 1501 Addunt
1269 1428 1476 1504 etiam
1504 1482 1526 1511 ,
1581 1450 1656 1501 se
1701 1430 2144 1502 considerare
2198 1431 2492 1503 inferius
2534 1443 2768 1523 aptam

210 1519 599 1679 planitiem,
630 1531 700 1590 et
721 1519 1306 1611 opportunitatem
1335 1519 1676 1601 fluminis,
1705 1519 1890 1608 quod
1920 1519 2100 1591 infra
2126 1515 2476 1592 illabitur:
2508 1521 2772 1609 ubique

238 1629 447 1680 ocum
493 1629 649 1681 esse
691 1608 1081 1701 spatiosum
1114 1607 1198 1678 ad
1240 1608 1479 1679 omnia
1524 1626 1704 1696 quae
1743 1608 1829 1678 ad
1883 1610 2282 1681 monasten'i
2330 1611 2771 1682 necessitates

210 1698 663 1780 conveniunt,
714 1698 802 1768 ad
846 1710 1039 1790 prata
1069 1749 1086 1778 ‚
1149 1696 1236 1767 ad
1284 1696 1616 1778 colonias,
1653 1696 1741 1768 ad
1802 1696 2123 1789 virgulta,
2168 1698 2254 1768 ad
2307 1699 2589 1769 vineas:
2642 1698 2772 1770 etsi

208 1808 290 1859 ex
327 1809 472 1858 una
505 1786 972 1879 parte‘sylvae
1010 1785 1326 1856 videatur
1353 1785 1591 1857 deesse
1615 1785 1967 1867 clausura,
1999 1786 2199 1860 facile
2220 1788 2350 1859 hoo
2391 1787 2771 1880 parietibus

210 1875 533 1967 lapideis,
578 1896 885 1965 quorum
925 1876 1175 1966 ingens
1214 1874 1311 1945 ibi
1344 1891 1445 1945 est
1487 1877 1706 1963 copia,
1752 1899 1948 1975 posse
1983 1876 2321 1966 suppleri.

290 1967 338 2067 ᾗ
387 1969 546 2039 28.
598 1968 677 2035 ln
715 1965 963 2056 primis
997 1964 1104 2033 vit·
1133 1961 1249 2034 Dei
1282 1983 1415 2034 non
1463 1967 1802 2051 acquievit
1834 1964 2156 2036 consilio:
2190 1965 2764 2067 Videti8,2inqu‘tt,

207 2075 377 2142 quta
408 2052 651 2128 multis
680 2053 1001 2145 expensis
1033 2063 1099 2123 et
1137 2051 1511 2124 sudoribus
1547 2056 1796 2122 domus
1844 2056 1968 2122 ista
2009 2066 2249 2145 parata
2276 2067 2408 2135 est,
2445 2053 2773 2124 sublimis

205 2154 312 2212 est
328 2140 645 2225 ecclesia,
679 2142 933 2214 domus
964 2140 1279 2233 lapideae
1304 2158 1827 2213 consummatae
1850 2155 2037 2225 sunt,
2069 2163 2290 2246 aquae
2322 2142 2581 2214 ductus
2605 2161 2771 2214 cum

212 2230 537 2303 maximas
567 2231 969 2333 sumptibus
1000 2251 1124 2321 per
1154 2229 1484 2322 singulas·
1500 2230 1817 2301 officinas
1850 2230 2172 2302 traducti.
2219 2231 2287 2303 si
2328 2232 2509 2302 haec:
2530 2232 2771 2302 omnia

212 2317 787 2412 confregerimus,
841 2330 1165 2411 poterunt
1210 2319 1531 2390 homines
1582 2318 1800 2389 seculi
1847 2318 1933 2389 de
1987 2320 2191 2392 nobis
2249 2319 2432 2391 male
2484 2320 2766 2403 sentire,

204 2407 393 2498 quod
416 2422 546 2481 aut
595 2408 776 2479 leves
805 2428 1056 2479 sumus
1100 2418 1169 2477 et
1202 2406 1595 2490 mutabiles,
1645 2420 1770 2478 aut
1807 2408 2088 2491 nimiae,
2141 2408 2318 2498 quas
2365 2421 2594 2479 tamen
2630 2429 2765 2479 non

205 2497 576 2581 babemus,
609 2496 892 2568 divitiae
923 2496 1180 2569 faciant
1210 2516 1337 2570 nos
1362 2497 1697 2570 insanire.
1734 2501 2045 2586 Cumque
2073 2494 2545 2569 certissimum
2576 2497 2771 2572 vobis

202 2583 316 2669 sit,
355 2607 567 2679 penes
616 2607 748 2659 nos
798 2607 933 2657 non
992 2606 1144 2658 esse
1192 2587 1549 2678 pecunias,
1613 2586 1819 2658 verbo
1866 2586 2279 2678 Evangelico
2323 2586 2521 2658 vobis
2567 2586 2766 2671 dico,

203 2677 376 2766 quia
421 2676 880 2747 aedificaturo
911 2675 1185 2757 turrim,
1237 2674 1454 2746 futuri
1484 2675 1717 2765 operis
1764 2695 2042 2748 necesse
2069 2687 2175 2746 est
2220 2688 2606 2767 supputare
2651 2695 2773 2746 ex-

202 2782 491 2857 pensas.
541 2763 860 2853 Alioquin
908 2784 1069 2835 cum
1118 2765 1423 2855 coeperit
1454 2774 1522 2834 et
1541 2762 1890 2845 defecerit,
1923 2763 2198 2836 dicetur
2235 2765 2347 2835 ei:
2397 2766 2529 2835 Hic
2580 2765 2774 2836 homo

199 2854 445 3013 fftuus
475 2855 691 2946 eoepit
720 2854 1104 2945 aedificare,
1154 2863 1216 2923 et
1244 2875 1377 2924 non
1424 2855 1646 2946 potuit
1695 2872 2157 2924 cmmmare
2187 2852 2437 2945 (Lucae
2462 2853 2623 2944 xiv).
2675 2852 2773 2924 Ad

249 2965 375 3014 aec
410 2942 657 3015 fratres
695 2942 1159 3034 respondent:
1212 2942 1283 3012 Si
1336 2942 1843 3013 consummatis
1891 2942 2002 3013 his
2048 2963 2230 3031 quae
2285 2942 2372 3013 ad
2430 2957 2774 3014 monaste·-

206 3032 397 3103 rium
444 3068 452 3089 .—
542 3031 821 3114 rtinent,
873 3030 1293 3102 habitatores
1341 3042 1642 3103 cessaret
1689 3031 1957 3102 mittere
2005 3036 2229 3115 Deus,
2300 3044 2483 3103 stare
2538 3042 2772 3123 posset

203 3131 450 3191 senten
488 3120 591 3202 ia,
643 3132 710 3191 et
752 3119 1172 3192 cessandum
1218 3120 1310 3192 ab
1358 3120 1691 3211 operibus
1746 3120 2181 3191 rationabilis
2229 3120 2404 3191 foret
2444 3138 2767 3193 censura.

202 3213 405 3282 Nunc
462 3226 622 3280 vero
666 3230 829 3281 cum
884 3208 1195 3298 quotidie
1231 3228 1509 3300 gregem
1544 3228 1753 3280 suum
1807 3213 1985 3280 Deus
2018 3209 2460 3312 multiplicet,
2504 3221 2628 3281 aut
2664 3229 2773 3280 re·-

203 3297 516 3390 pellendi
547 3310 714 3369 sunt
797 3319 927 3375 uos
955 3297 1186 3379 mittit,
1237 3309 1357 3368 aut
1406 3297 1829 3389 providenda
1879 3299 2173 3382 mansio,
2227 3317 2298 3368 tn
2346 3319 2488 3387 qua
2546 3299 2774 3370 susei-

208 3388 523 3480 piantur.
575 3391 709 3458 Neo
805 3387 1051 3457 ubium
1100 3398 1203 3458 est
1244 3384 1372 3475 qui
1410 3387 1689 3479 paravit
1726 3404 2081 3458 mansores
2112 3441 2131 3469 ,
2184 3388 2357 3477 quin
2409 3398 2773 3490 praeparet

204 3477 631 3549 mansiones.
683 3475 873 3546 Absit
904 3488 1135 3546 autem
1170 3486 1248 3545 ut
1277 3496 1401 3566 pro
1431 3474 1816 3546 diffidentia
1851 3494 2010 3547 sum
2070 3489 2294 3558 tuum,
2332 3475 2770 3549 confustonis

206 3562 422 3658 hujus
442 3563 1365 3637 incurramus-discrimina.
1414 3564 1720 3636 Audiens
1768 3564 1935 3636 haec
1983 3570 2029 3636 Α
2085 3565 2230 3647 bas,
2269 3566 2407 3636 fide
2434 3579 2506 3636 et
2539 3564 2770 3636 chari-

205 3663 342 3726 tato
382 3675 633 3727 eorum
659 3694 666 3700 ·
694 3651 1072 3724 delectatus
1121 3665 1267 3730 est.
1306 3664 1375 3724 et
1407 3652 1791 3742 aliquando
1838 3653 2116 3725 tandem
2164 3655 2483 3725 consiliis
2528 3672 2771 3724 eorum

212 3743 581 3833 acquievit,
619 3741 945 3834 plurimis
977 3755 1204 3811 tamen
1233 3763 1314 3814 su
1368 3764 1445 3812 er
1482 3742 1612 3813 boc
1642 3740 1733 3812 ad
1766 3746 1978 3813 Deum
2022 3744 2351 3834 precibus
2384 3743 2535 3814 suis
2563 3742 2766 3822 mais,

208 3832 599 3922 nonnullis<
695 3859 700 3862 ¹
791 3852 880 3900 ue
918 3764 1453 3902 revelationibus
1482 3831 1969 3923 praeostensis.
2025 3832 2254 3902 Gavisi
2286 3846 2456 3902 sunt
2498 3830 2769 3914 fratres,
2832 3876 2837 3881 -

209 3919 673 3992 ubbwerbum
720 3940 1021 4011 cusum
1081 3932 1186 3990 est
1230 3919 1302 3989 in
1353 3919 1745 4012 publicum.
1799 3918 2074 3991 audivit
2125 3921 2258 3991 hoc
2306 3931 2586 3991 sanotae
2632 3939 2773 3988 me-

217 4004 1004 4083 nsvtwnobitioeimus
1053 4008 1377 4110 princeps
1424 4007 1906 4091 Tbeobaldus,
1952 4020 2024 4080 et
2061 4009 2280 4080 multa
2323 4009 2394 4079 in
2447 4019 2774 4099 sumptus

217 4090 916 4191 &sinaut-ampliora
954 4096 1337 4189 spopondit
1361 4097 1720 4169 subsidia.
1773 4097 2160 4169 Audierunt
2189 4097 2510 4199 Episcopi
2551 4096 2776 4188 regiob

225 4201 521 4269 πωροι
549 4186 856 4258 viri-incl
912 4186 988 4268 ti,
1039 4198 1107 4257 et
1153 4186 1610 4291 negotiatores
1656 4198 1902 4268 terrae,
1958 4198 2038 4257 et·
2081 4182 2291 4257 hilari
2336 4205 2574 4257 animo
2622 4186 2775 4257 sine

224 4287 558 4371 sanctor-e,
593 4275 796 4348 ultro·
917 4292 1107 4368 'opus
1142 4279 1260 4345 Dei
1303 4274 1585 4366 copiosa
1603 4274 1968 4346 contulere
1993 4275 2352 4367 suffragia.
2395 4273 2777 4346 Abundan-

226 4358 410 4434 ttbus
444 4365 867 4458 sumptibus,
901 4363 1267 4436 conductis
1297 4363 1705 4435 festinanter
1736 4385 1776 4433 o
1825 4364 2073 4435 erariis
2103 4419 2119 4447 ,
2173 4364 2307 4456 ipsi
2360 4362 2605 4435 fratres
2654 4383 2776 4455 per

228 4449 459 4525 omnia
508 4454 1005 4526 incumbebant
1050 4452 1403 4547 operibus.
1453 4452 1583 4525 Alii
1628 4387 2007 4534 caedebant
2052 4452 2289 4546 ligna‘,
2342 4449 2464 4525 alii
2503 4452 2773 4546 lapides
