3308 5004
661 283 789 346 550
1252 301 1329 346 na
1377 301 1431 347 s.
1489 296 1818 345 ceumaco
1866 297 2009 344 Ana.
2062 296 2442 345 emmaum..
2793 279 2977 346 AUG.
3035 281 3147 346 20

574 385 981 473 proveniret.
1037 390 1201 454 Nam
1251 397 1318 454 et
1366 381 1608 452 solitus
1675 393 1821 450 erat
1869 381 1937 449 in
2006 380 2328 451 familiari
2390 380 2846 452 collocutione
2891 382 3143 463 fateri,

579 473 685 541 vix
724 472 999 542 credere
1048 496 1118 542 se
1170 471 1592 551 hominibus,
1647 470 1830 558 quod
1884 470 1982 539 sic
2030 493 2188 540 eum
2240 471 2376 541 sibi
2420 471 2657 541 utilem
2709 471 3085 541 crederent
3122 526 3142 552 ,

574 573 654 631 ut
699 561 1041 630 dicebant.
1097 562 1220 631 Sed
1279 584 1399 630 nec
1449 582 1739 650 parvum
1790 581 1938 629 sese
1985 559 2055 627 in
2109 560 2255 629 suis
2307 582 2516 649 super
2566 560 2967 649 hujusmodi
3005 584 3153 630 co-

574 650 1024 739 gitationibus
1076 650 1479 741 perhibebat
1524 648 1902 735 aliquando
1948 649 2363 719 sustinuisse
2412 648 2810 718 conflictum
2841 704 2859 729 ,
2927 650 3149 737 quod

574 753 855 808 nectam
886 761 1158 808 veraces
1188 739 1498 808 homines
1526 737 1761 806 fallere
1786 737 1977 817 velle,
2014 760 2137 806 nec
2168 748 2301 807 tam
2338 737 2705 827 prudentes
2745 738 2886 807 falli
2918 761 3150 828 posse

573 828 940 897 verisimile
991 828 1351 908 videretur,
1403 850 1563 895 cum
1616 826 2019 912 alterutrum
2054 849 2377 896 excusare
2414 849 2551 895 non
2606 841 2852 915 posset.
2897 833 3143 910 Quem

571 918 752 985 enim
807 929 985 986 totus
1023 917 1402 985 mirabatur
1443 915 1651 995 orbis,
1700 915 1890 985 solus
1926 916 2093 1004 ipse,
2130 915 2313 1002 quod
2350 929 2494 988 erat
2526 916 2937 997 mirabiliuS,
2978 939 3143 985 non

573 1004 863 1085 videbat,
904 1027 1068 1075 suae
1108 1006 1420 1074 videlicet
1461 1004 1880 1095 operationis
1926 1004 2355 1092 opinionisve
2405 1004 2885 1094 splendorem:
2936 1006 3152 1075 sicut

575 1094 690 1162 ille
729 1094 1077 1180 quondam
1118 1095 1217 1162 vir
1250 1095 1377 1163 sim
1438 1093 1540 1162 lex
1570 1108 1635 1162 et
1683 1106 1932 1173 rectuS,
1984 1115 2106 1161 nec
2148 1092 2356 1162 solem
2399 1115 2556 1162 cum
2600 1093 2932 1182 fulgeret,
2994 1117 3145 1165 nec

576 1182 812 1250 lunam
858 1182 1284 1251 incedentem
1337 1205 1374 1252 c
1407 1205 1520 1250 are
1557 1181 1807 1251 vidisse
1842 1204 1913 1249 se
1950 1183 2395 1250 memorabat.

659 1274 695 1358 ξ
745 1276 886 1344 15.
943 1273 1320 1341 Novissime
1349 1294 1507 1340 cuin
1543 1270 1894 1339 exterioris
1943 1270 2319 1339 habitaculi
2356 1270 2665 1356 undique
2690 1271 2835 1358 jam
2886 1271 3145 1341 soluta

573 1364 931 1449 compagO,
986 1360 1398 1428 desideranti
1450 1360 1725 1428 animae
1776 1359 2068 1428 liberum
2126 1372 2495 1447 praestaret
2540 1381 2923 1439 effressum,
2968 1383 3143 1430 ma-

574 1471 757 1538 gnus
806 1449 951 1517 dies
994 1448 1106 1517 ille
1147 1449 1391 1528 illuxit,
1429 1471 1565 1535 quo
1607 1461 1982 1537 perpetuus
2029 1448 2128 1517 illi
2169 1463 2360 1519 ortus
2408 1461 2509 1518 est
2557 1413 2727 1517 dies
2784 1448 2875 1517 Ad
2912 1451 3143 1536 cujus

577 1538 887 1618 exitum,
944 1538 1146 1606 vicini
1198 1537 1516 1626 Episcopi
1586 1559 1744 1605 cum
1816 1536 2150 1606 Abbatum
2224 1537 2665 1606 multitudine
2717 1538 3003 1626 copiosa
3064 1553 3141 1608 et

576 1626 866 1694 fratrum
932 1626 1201 1695 fuerant
1249 1627 1668 1716 congregati.
1725 1629 1903 1694 Hora
1953 1640 2178 1694 autem
2233 1625 2364 1694 diei
2420 1648 2589 1716 pene
2627 1626 2820 1695 tertia
2870 1627 3141 1716 singu-

579 1715 741 1782 laris
775 1714 1056 1783 lucerna
1088 1737 1252 1783 suae
1277 1715 1762 1804 gene-rationis,
1798 1729 2080 1783 sanctus
2104 1737 2184 1782 ac
2213 1737 2412 1785 verus
2441 1715 2665 1784 Abbas
2697 1715 2996 1783 Bernard
3014 1740 3133 1793 us,

574 1827 607 1871 a
661 1825 945 1892 corpore
989 1805 1225 1872 mortis
1263 1805 1326 1871 in
1374 1816 1621 1872 terram
1664 1803 2035 1872 viventium
2074 1803 2380 1882 feliciter,
2441 1804 2704 1872 Christo
2737 1803 2936 1882 duce,
2994 1806 3139 1873 mi-

580 1892 795 1960 srravit
843 1914 921 1959 ex
963 1892 1262 1961 filiorum
1327 1892 1931 1962 circumstantium
1986 1906 2050 1960 et
2104 1893 2280 1961 inter
2340 1914 2579 1982 graves
2640 1892 2991 1981 singultus
3050 1917 3139 1963 ac

577 1945 920 2067 lacrymas
956 1981 1196 2049 uberes
1225 1993 1600 2068 utcumque
1637 1980 2078 2069 psallentium
2116 1981 2346 2060 chor0,
2386 1981 2473 2050 ad
2512 1981 2911 2058 multorum,
2945 2003 3138 2067 quos

578 2069 720 2157 ipse
784 2069 1274 2157 praemiserat,
1330 2085 1564 2138 coetus
1614 2069 1957 2138 transiens
2022 2068 2472 2139 laetabundos
2510 2125 2525 2149 ,
2579 2069 2664 2138 ad
2716 2084 3133 2140 sanctorum

572 2179 825 2226 cuneos
874 2158 1319 2247 gratulantes,
1373 2159 1458 2227 ad
1522 2159 1722 2227 obvia
1770 2159 2050 2256 aginirgi
2098 2158 2539 2248 Angelorum.
2596 2157 2777 2227 Felix
2826 2159 3072 2227 anima
3112 2215 3127 2238 ,

572 2268 778 2333 quam
830 2247 927 2315 sic
964 2245 1278 2316 levabant
1325 2247 1589 2316 excelsa
1637 2270 1925 2316 suorum
1987 2247 2341 2336 privilegia
2393 2247 2793 2316 meritorum
2829 2301 2843 2326 ,
2896 2270 3125 2333 quarn

574 2335 670 2402 sic
724 2335 832 2423 pia
882 2335 1182 2404 filiorum
1239 2336 1830 2424 prosequebantur
1880 2336 2280 2404 inferiorum
2330 2348 2502 2416 vota,
2540 2336 2638 2404 sic
2679 2358 2956 2422 quoque
3004 2359 3134 2404 su-

573 2424 918 2513 periorum
948 2425 1284 2493 desideria
1321 2447 1514 2495 sacra
1548 2425 1933 2493 trahebant.
1970 2424 2151 2493 Felix
2187 2424 2299 2493 ille
2336 2436 2403 2494 et
2438 2448 2588 2493 vere
2627 2447 2910 2493 serenus
2942 2425 3127 2502 dies,

570 2536 706 2599 quo
744 2513 988 2604 plenus
1017 2516 1075 2583 ei
1125 2515 1444 2584 meridies
1495 2515 1804 2583 Christus
1854 2513 2103 2593 illuxit,
2150 2514 2297 2583 dies
2345 2516 2616 2584 cunctis
2651 2514 2898 2582 diebus
2942 2516 3129 2583 vitae

573 2624 737 2671 suae
786 2604 992 2672 tantis
1041 2605 1127 2673 ab
1174 2626 1252 2671 eo
1307 2617 1701 2692 expectatus
1737 2602 2122 2681 desideriiS,
2169 2604 2507 2691 expetitus
2555 2603 2925 2691 suspiriis,
2984 2603 3127 2672 fre·

569 2703 939 2776 quentatus
970 2692 1553 2772 meditationibus,
1586 2692 2020 2762 orationibus
2047 2693 2546 2781 praemunitus.
2578 2693 2758 2760 Felix
2787 2694 3127 2762 transitus

571 2780 654 2848 de
693 2780 921 2849 labore
955 2781 1040 2849 ad
1087 2780 1542 2869 refrigerium,
1579 2782 1664 2849 de
1697 2780 2162 2870 expectatione
2198 2780 2284 2849 ad
2324 2781 2733 2869 praemium,
2787 2780 2871 2848 de
2902 2802 3126 2869 agone

570 2869 651 2937 ad
694 2871 1029 2950 bravium,
1080 2869 1164 2938 de
1196 2885 1408 2939 morte
1447 2871 1532 2938 ad
1579 2871 1809 2951 vitam,
1851 2868 1934 2937 de
1971 2869 2103 2937 fide
2142 2869 2228 2938 ad
2284 2870 2619 2947 notitiam,
2676 2869 2765 2937 de
2816 2869 3115 2959 peregri-

573 2959 843 3027 natione
891 2958 976 3026 ad
1033 2959 1347 3047 patriam,
1391 2958 1474 3026 de
1519 2959 1780 3027 mundo
1814 2958 1897 3027 ad
1946 2963 2236 3026 Patrem.

661 3049 697 3133 ξ
745 3053 893 3118 16.
952 3051 1039 3115 De
1071 3069 1206 3133 quo
1245 3049 1450 3114 etiam
1513 3046 1805 3121 transitu
1860 3047 2013 3132 ejus
2074 3047 2290 3116 multa
2343 3047 2660 3115 novimus
2709 3044 3107 3137 apparuisse

569 3135 1042 3219 quammultis,
1077 3149 1141 3203 et
1179 3136 1459 3221 quidem
1513 3157 1649 3204 non
1694 3134 1983 3224 indigna
2034 3135 2292 3205 relatu:
2347 3135 2465 3203 sed
2516 3135 2801 3204 difficile
2849 3132 3049 3202 nimis
3087 3188 3106 3213 ‚

570 3222 846 3312 singula
897 3224 1347 3312 investigare:
1402 3236 1465 3292 et
1514 3224 1813 3292 scribere
1861 3224 2136 3303 omnia,
2195 3224 2404 3292 nimis
2467 3223 2781 3311 longum.
2838 3229 2996 3293 Nam
3048 3235 3122 3292 et

569 3332 790 3396 usque
826 3313 1026 3380 modo
1065 3312 1436 3381 multifarie
1474 3312 1848 3399 multisque
1883 3313 2105 3381 modis
2135 3327 2459 3401 paternus
2486 3335 2649 3403 erga
2680 3313 2861 3381 filios
2891 3334 3111 3389 amor,

572 3422 724 3466 vere
753 3400 956 3468 etiam
997 3414 1181 3479 tunc,
1222 3401 1434 3469 immo
1479 3402 1706 3471 verius
1738 3423 1925 3471 nunc
1967 3402 2203 3471 vivens
2233 3416 2297 3471 et
2339 3402 2599 3490 vigens,
2636 3402 2897 3472 crebris
2933 3423 3119 3469 reve·

574 3488 946 3558 lationibus
993 3510 1229 3557 eorum
1282 3489 1610 3577 dignatur
1651 3489 1858 3558 solari
1897 3489 2262 3579 lacrymaS,
2302 3490 2601 3559 relevare
2652 3491 3062 3560 moestitiam
3101 3515 3116 3556 :

571 3589 648 3645 ut
695 3599 832 3663 quo
880 3578 941 3645 ei
990 3577 1268 3646 dulcius
1314 3579 1775 3667 congaudent,
1836 3579 2067 3648 minus
2106 3580 2304 3648 anxie
2352 3578 2626 3648 doleant
2665 3580 2824 3649 sibi.
2884 3579 2951 3648 Si
2985 3601 3126 3665 qua

573 3681 800 3735 tamen
847 3689 927 3735 ex
977 3666 1107 3744 his,
1165 3668 1373 3736 nimis
1432 3668 1765 3756 prolixam
1817 3667 2283 3737 desiderantia
2334 3669 2799 3738 narrationem
2838 3723 2852 3745 ,
2911 3666 3126 3736 lector

570 3756 746 3824 scire
795 3755 1184 3836 desiderat,
1247 3758 1520 3856 proprio
1584 3757 1805 3847 magis
1860 3756 2373 3843 novissimoque
2418 3756 2722 3846 capitulo
2769 3756 3125 3826 credimus

573 3844 1002 3914 reservanda.
1060 3850 1335 3913 Interim
1385 3860 1649 3914 caetera
1690 3857 2201 3933 prosequenteS,
2241 3859 2501 3932 quanta
2556 3868 2930 3934 possumus
2982 3846 3125 3912 vio-

571 3933 780 4001 lentia
829 3934 1099 4003 animos
1134 3949 1522 4003 avertamus
1554 3937 1640 4004 ab
1677 3934 1794 4002 illo
1828 3946 1961 4001 tam
2001 3936 2189 4023 gravi
2227 3936 2492 4023 gemitu
2539 3948 2604 4003 et
2643 3935 2880 4022 rugitu
2915 3988 2930 4013 ,
2985 3956 3127 4020 quo

571 4023 902 4092 nimirum
931 4046 1092 4111 grex
1128 4024 1564 4103 miserabilis,
1605 4037 1873 4112 pastore
1913 4023 2272 4112 migrante,
2319 4023 2695 4112 personuit.
2739 4028 3125 4092 Pareamus

575 4112 884 4199 paginae,
907 4126 1324 4198 etquantum
1362 4135 1759 4201 possumus,
1794 4111 2219 4201 stringamus
2241 4112 2502 4194 oculos,
2540 4112 2902 4201 palpebras
2933 4134 3126 4181 com-

571 4198 933 4293 plodamus
965 4201 1290 4270 adversus
1319 4202 1663 4290 lacrymas
1690 4202 1864 4281 illas,
1889 4202 2145 4287 quibus
2183 4203 2249 4270 in
2288 4201 2405 4270 illo
2441 4222 2608 4270 suae
2639 4201 2970 4269 claritatis
3001 4202 3126 4270 ab-

571 4309 804 4357 scessu
842 4288 1035 4357 vallis
1072 4304 1299 4360 nostra
1345 4291 1621 4370 fluebat,
1679 4290 2019 4359 Ecclesiae
2071 4291 2385 4379 protinus
2445 4290 2802 4359 universae
2834 4289 3121 4359 calicem
