3308 5004
696 355 829 421 340
1200 371 1281 419 nr.
1327 366 1714 419 υοιιιιτιοπι
1761 369 2045 418 autiss.
2097 367 2271 417 vinc.
2320 367 2565 416 nanu
2831 348 3012 414 AUG.
3073 347 3160 411 ⁴5

612 467 885 527 nostrae
913 454 1504 547 transgressionis.
1538 460 1640 525 Tu
1664 474 1829 525 cum
1860 452 2046 542 quod
2081 452 2440 543 corrumpi
2476 461 2762 543 poterat,
2798 461 3161 537 tamquam

613 542 1174 624 haereditarium,
1204 564 1458 634 corpus
1503 565 1545 614 a
1594 543 1795 615 nobis
1822 543 2232 634 accepisseS,
2289 542 2358 611 in
2391 554 2589 612 utero
2630 540 2832 612 nobis
2878 539 3166 629 gestasti

611 633 1106 703 indumentum
1154 632 1722 722 incorruptionis.
1774 637 1876 701 Tu
1905 652 2066 703 cum
2116 630 2383 701 anobis
2421 630 2763 721 originem
2812 628 3162 706 duxisses,

611 735 692 793 ut
737 723 909 793 bene
956 722 1201 801 simus,
1240 721 1543 793 vicissim
1579 720 1965 802 reddidisti,
1995 719 2268 791 dolores
2300 731 2539 821 partus
2587 719 2879 797 solvisti,
2920 716 3168 787 mortis

612 808 865 881 fascias
904 809 1332 902 perfregisti,
1385 809 1588 880 nobis
1633 810 1999 897 antiquum
2052 809 2409 879 restituisti
2472 806 2975 878 habitaculum.
3027 810 3167 875 Nos

614 899 998 970 clausimus
1038 898 1480 989 paradisum:
1526 904 1625 969 Tu
1675 898 1848 989 ligni
1897 898 2072 969 vitae
2104 899 2284 969 viam
2335 920 2378 967 a
2470 898 2695 968 ruisti.
2749 901 2874 966 Per
2925 916 3055 966 nos
3086 916 3168 993 ex

613 988 701 1059 iis
770 1010 950 1076 quae
999 989 1178 1059 bona
1211 1000 1430 1069 erant,
1477 989 1721 1058 venere
1790 1009 1970 1075 quae
2015 1002 2211 1057 erant
2260 1009 2372 1056 mo
2401 999 2588 1057 esta:
2661 990 2786 1056 Per
2833 998 2897 1054 te
2932 1007 3015 1054 ex
3079 983 3167 1053 iis

610 1099 788 1165 quae
834 1090 1031 1148 erant
1093 1075 1425 1158 molesta,
1478 1076 1741 1147 rediere
1814 1097 1993 1165 quae
2046 1088 2242 1146 erant
2314 1075 2621 1146 meliora.
2677 1080 2755 1143 Et
2812 1071 3167 1161 quomodo

612 1167 818 1237 morti
862 1188 937 1236 es
981 1164 1301 1246 obnoxia,
1353 1186 1530 1253 quae
1576 1187 1651 1238 es
1699 1166 2152 1235 intemerata?
2200 1170 2300 1234 Tu
2337 1186 2411 1234 es
2446 1186 2621 1255 pons
2667 1162 2753 1233 ad
2805 1164 3043 1242 vitam,
3099 1174 3163 1230 et

613 1254 800 1325 scala
844 1255 933 1325 ad
980 1255 1231 1325 coelos,
1265 1254 1410 1323 Tibi
1467 1276 1650 1326 mors
1697 1253 2213 1342 quodammodo
2259 1254 2389 1322 erit
2426 1254 2718 1343 cymba,
2768 1273 2911 1340 qua
2969 1251 3167 1342 traji-

612 1342 820 1414 ciaris
878 1343 962 1414 ad
1018 1342 1627 1425 immortalitatem,
1676 1365 1830 1414 vere
1876 1343 2074 1414 beata
2135 1343 2312 1412 inter
2361 1342 2686 1413 mulieres
2732 1354 2797 1411 et
2851 1340 3028 1411 undi
3082 1360 3167 1409 ue

612 1431 906 1502 beanda.
961 1432 1375 1519 Ecquisnam
1411 1432 1590 1512 talis,
1647 1432 1783 1502 nisi
1813 1433 2111 1503 Verbum
2153 1432 2284 1502 hoc
2309 1453 2619 1521 passum,
2665 1442 3012 1517 quatenus
3069 1429 3169 1498 uit

616 1520 952 1603 oblatum,
1004 1520 1189 1607 quod
1224 1521 1391 1591 dum
1462 1534 1851 1611 pateretur,
1907 1536 2192 1591 mortem
2245 1522 2469 1610 ipsam
2519 1521 2680 1589 vicit
2700 1523 2730 1585 ἰ)
2794 1518 3169 1588 Plaudebat

616 1611 989 1680 universus
1033 1630 1309 1697 quoque
1333 1609 1586 1679 chorus
1617 1625 2041 1691 sanctorum,
2088 1609 2365 1679 dicens:
2392 1614 2491 1678 Tu
2524 1609 2724 1680 nobis
2770 1605 3169 1697 adimplesti

618 1698 1149 1787 praedictiones,
1203 1704 1300 1767 Tu
1355 1699 1554 1769 nobis
1599 1721 1749 1767 eam
1800 1720 1977 1785 quae
2023 1699 2548 1801 expectabatur,
2602 1696 2997 1787 adimplesti
3034 1695 3174 1764 lae-

619 1787 866 1857 titiam.
906 1793 1031 1857 Per
1078 1801 1139 1857 te
1185 1786 1372 1856 enim
1422 1786 1624 1858 soluti
1679 1810 1925 1856 sumus
1974 1810 2009 1856 a
2062 1787 2358 1857 vinculis
2392 1782 2655 1857 mortis.
2690 1785 2999 1877 Agedum
3036 1785 3169 1854 huc
3282 1826 3283 1833 κ

618 1875 705 1945 ad
756 1898 883 1947 nos
932 1876 1111 1945 veni.
1152 1879 1202 1947 Ο
1234 1874 1489 1956 divine,
1532 1890 1598 1946 et
1633 1877 1752 1963 qui
1806 1877 2011 1945 vitam
2062 1877 2286 1956 afferS,
2327 1877 2669 1945 thesaure.
2724 1875 2889 1944 Veni
2922 1872 3012 1943 ad
3048 1894 3170 1942 nos

619 1964 1119 2046 desiderantes,
1168 1986 1346 2053 quae
1393 1964 1600 2034 finem
1657 1979 1887 2034 nostro
1920 1967 2009 2034 im
2067 1966 2311 2035 osuisti
2361 1964 2728 2034 desideri0.

706 2055 743 2140 ἓ
792 2060 926 2127 11.
1007 2053 1136 2124 Sed
1188 2075 1322 2122 non
1382 2054 1830 2144 paucioribus
1905 2075 2021 2123 ver
2075 2055 2131 2123 is
2177 2076 2330 2123 eam
2405 2053 2707 2124 vicissim
2782 2049 3171 2121 retrahebat

618 2141 994 2211 multitudo
1043 2155 1464 2222 sanctorum,
1502 2143 1625 2231 qui
1664 2142 1895 2213 adbuc
1941 2157 2136 2212 erant
2175 2143 2244 2212 in
2285 2164 2591 2231 corpore.
2645 2142 2925 2211 dicens:
2974 2145 3168 2210 Mane

615 2230 1005 2310 nobiscum,
1058 2253 1234 2318 quae
1280 2253 1354 2301 es
1413 2245 1641 2302 nostra
1691 2230 2091 2313 consolatio,
2142 2253 2322 2319 quae
2367 2253 2442 2301 es
2490 2232 2688 2302 nobis
2749 2231 3046 2300 unicum
3100 2228 3165 2297 in

618 2333 793 2390 terra
841 2319 1190 2390 solatium.
1227 2325 1320 2391 Ne
1362 2341 1484 2390 nos
1534 2319 1887 2408 relinquas
1924 2322 2298 2408 orphanos,
2351 2342 2526 2407 quae
2573 2342 2648 2390 es
2699 2333 2917 2388 mater
2967 2318 3166 2386 mise-

620 2407 982 2489 ricordiae,
1015 2411 1362 2479 venientes
1407 2410 1477 2478 in
1514 2410 1927 2500 periculum.
1965 2411 2359 2481 Habeamus
2389 2423 2447 2478 te
2474 2409 2790 2478 laborum
2826 2407 3161 2494 requiem.

617 2513 684 2569 et
730 2498 1065 2569 sudorum
1102 2498 1712 2601 refrigerationem.
1768 2499 1919 2569 Tibi
1967 2500 2022 2570 si
2077 2498 2241 2572 velis
2292 2521 2589 2579 manere,
2646 2499 2712 2567 in
2752 2512 2869 2567 tua
2908 2509 3014 2566 est
3055 2518 3166 2596 po-

620 2601 898 2658 testate:
952 2600 1017 2657 et
1056 2588 1114 2657 si
1167 2588 1332 2658 velis
1383 2588 1722 2669 recedere,
1782 2588 1951 2658 nibil
2002 2602 2103 2658 est
2173 2588 2676 2678 impedimenti.
2732 2588 2799 2656 Si
2850 2585 3164 2682 recedis,

616 2698 796 2764 quae
851 2698 924 2747 es
985 2679 1100 2747 Dei
1152 2677 1703 2757 tabernaculum,
1760 2699 1886 2747 nos
1943 2699 2217 2764 quoque
2266 2677 2713 2756 recedemus,
2781 2675 2904 2762 qui
2955 2688 3169 2743 vocati

623 2788 871 2836 sumus
924 2778 1085 2836 tuus
1134 2765 1438 2856 populus
1488 2779 1766 2856 propter
1814 2780 2008 2836 tuum
2054 2765 2301 2835 filium.
2355 2771 2442 2835 Te
2477 2764 2693 2835 solam
2731 2765 2799 2832 in
2845 2779 3025 2832 terra
3074 2783 3171 2832 re·

623 2853 857 2925 lictam
908 2854 1247 2925 habemus
1308 2856 1825 2925 recreationem.
1879 2860 2130 2924 Tecum
2183 2855 2445 2924 vivente
2511 2852 2721 2923 simul
2788 2853 3056 2930 vivere,
3111 2862 3171 2919 et

624 2965 784 3011 cum
821 2943 1156 3012 moriente
1206 2944 1380 3014 mori
1429 2956 1531 3013 est
1579 2944 1882 3013 beatum.
1937 2943 2113 3026 Quid
2163 2955 2392 3012 autem
2429 2942 2755 3023 dicimuS,
2799 2938 3173 3011 Moriente‘?

625 3036 794 3100 Nam
845 3044 961 3100 tua
1007 3031 1287 3131 quidem
1340 3043 1442 3101 est
1480 3032 1639 3112 vita,
1681 3052 1890 3111 morS,
1923 3045 1990 3100 et
2037 3031 2171 3100 vita
2202 3053 2277 3101 es
2328 3031 2593 3109 melior,
2638 3045 2702 3100 et
2738 3032 2915 3100 banc
2967 3030 3168 3099 vitam

621 3120 965 3209 superasti
1015 3120 1676 3210 incomparabiliter.
1731 3120 1937 3191 Nobis
1964 3133 2190 3190 autem
2242 3119 2829 3206 quemadmodum
2879 3120 3009 3189 erit
3046 3118 3171 3186 vita

623 3207 873 3289 vitaliS,
927 3207 986 3278 si
1035 3220 1099 3277 te
1142 3229 1274 3277 non
1328 3209 1734 3290 habeamuS‚
1788 3231 1951 3279 cum
2000 3231 2139 3297 qua
2188 3212 2590 3278 versemur?
2637 3214 2819 3279 Haec
2870 3207 3041 3277 mihi
3079 3207 3168 3274 vi-

622 3295 824 3453 ‘effu-r
868 3295 1172 3397 :Apostoli
1238 3319 1398 3380 cum
1466 3310 1602 3369 tota
1665 3297 2003 3384 Ecclesiae
2065 3298 2598 3389 congregatione
2651 3297 2881 3367 dicere
2940 3297 3167 3366 beatae

678 3407 910 3475 irgini.

797 3478 943 3545 1²1.
998 3473 1124 3544 Sed
1168 3495 1325 3543 cum
1368 3474 1452 3543 ad
1497 3496 1851 3546 excessum
1902 3497 1939 3544 e
1978 3476 2111 3545 vita
2172 3475 2633 3554 festinantem,
2681 3488 2748 3546 et
2797 3475 2996 3546 illum
3057 3472 3164 3541 de·

622 3560 681 3631 si
735 3575 1035 3631 erantem
1072 3562 1408 3632 vidissent
1447 3563 1562 3632 Dei
1605 3568 1913 3645 Matrem,
1967 3566 2281 3634 conversi
2330 3578 2493 3634 sunt
2538 3563 2625 3634 ad
2676 3564 3001 3654 hymnOS,
3057 3559 3169 3650 qui

623 3651 956 3721 dicuntur
1002 3651 1072 3720 in
1123 3672 1408 3722 excessu
1470 3650 1707 3720 divina
1756 3652 2022 3742 impleti
2080 3654 2342 3744 gratia,
2409 3667 2474 3723 et
2533 3675 2610 3723 os
2656 3651 3169 3724 commodantes

624 3740 905 3831 spiritui
954 3751 1018 3809 et
1065 3761 1273 3809 carne
1319 3740 1721 3811 excedentes
1751 3796 1767 3821 ,
1841 3756 1908 3811 et
1958 3764 2097 3811 una
2155 3764 2312 3812 cum
2373 3742 2756 3832 emigrante
2805 3741 2921 3811 Dei
2970 3746 3169 3810 Matre

620 3830 965 3918 emigrare
1011 3829 1392 3918 cupientes,
1436 3842 1500 3899 et
1546 3830 1774 3917 quoad
1811 3831 1963 3921 ejus
2004 3830 2154 3900 fieri
2206 3842 2490 3920 poterat,
2527 3831 2911 3900 vehementi
2960 3826 3169 3899 animi

622 3918 853 3990 studio
908 3918 1473 4009 praemigrantes.
1529 3924 1893 4006 Postquam
1931 3933 2160 3989 autem
2205 3941 2446 3990 omnes
2478 3918 2823 3991 desiderio
2855 3918 3064 3989 simul
3111 3929 3167 3985 et

623 4007 853 4078 debito
900 4006 1399 4089 satisfecerunt,
1442 4019 1618 4077 etex
1660 4007 1900 4077 multis
1939 4008 2254 4090 floribuS‚
2298 4008 2646 4095 variisque
2688 4009 2971 4100 hymnis
3017 4027 3168 4077 con·

623 4108 869 4168 textam
908 4118 1175 4167 sacram
1224 4108 1633 4167 contexuere
1698 4118 2024 4166 coronam
2056 4151 2071 4179 ,
2144 4097 2693 4168 benedictionem
2724 4152 2740 4180 ,
2821 4109 3162 4182 tamquam

625 4183 924 4271 aliquem
963 4208 1004 4286 a
1053 4191 1183 4257 Deo
1231 4185 1467 4256 datum
1520 4185 1974 4266 thesaurum,
2029 4208 2390 4277 accepere:
2443 4209 2622 4274 quae
2676 4187 2746 4256 in
2808 4185 2995 4257 exitu
3049 4204 3164 4273 po-

629 4283 880 4372 strema
926 4273 1279 4357 dicuntur,
1313 4275 1516 4344 verba
1544 4273 1872 4345 dicentes.
1919 4279 2012 4344 Ea
2045 4286 2300 4356 autern,
2330 4289 2669 4363 quantum
2708 4297 2838 4366 ego
2887 4292 3160 4364 possum

628 4380 826 4442 scire,
879 4361 1135 4432 fluxam
1183 4374 1248 4433 et
1277 4364 1553 4438 inanem
1606 4364 1809 4433 vitam
1865 4375 2292 4454 praesentem
2342 4365 2831 4445 enunciabant,
2882 4375 2947 4432 et
2990 4380 3158 4448 quae

627 4460 824 4520 erant
854 4450 1145 4534 occulta,
1172 4450 1243 4521 in
1271 4447 1585 4543 apertum
1615 4452 2089 4543 producebant
2112 4451 2505 4526 futurorum
2536 4453 2882 4544 mysteria.
2910 4447 3156 4521 Deinde
