3308 5004
640 320 770 385 268
1425 336 1503 383 ns
1550 336 1607 384 s.
1661 334 1888 383 numo
1935 335 2225 382 narras
2768 318 2959 384 AUG.
3013 320 3102 386 -12

547 444 704 492 cum
744 423 985 493 beatus
1034 420 1324 510 Euplius
1356 421 1712 512 ingressus
1745 420 2010 503 suisset,
2053 420 2399 522 praecepit
2431 419 2716 508 iniquus
2763 421 3096 492 Calvisia-

550 532 708 592 nuS,
754 510 1053 581 carceris
1098 510 1276 581 fores
1307 511 1458 601 ejus
1505 509 1766 579 annulo
1810 509 2098 611 signari,
2154 521 2220 580 et
2261 509 2514 580 milites
2560 509 2924 591 constitui,
2971 511 3101 599 qui

548 621 892 672 carcerem
933 600 1163 690 ipsum
1214 598 1580 690 diligenter
1624 598 2074 678 custodirent,
2131 620 2215 669 ne
2252 598 2413 686 quis
2460 598 2545 669 ad
2595 620 2756 669 eum
2805 596 3096 670 introire

551 689 1078 780 permitteretur,
1111 709 1277 758 neve
1310 709 1558 779 panem
1592 699 1711 759 aut
1742 709 1994 775 aquam
2038 686 2141 756 illi
2180 687 2395 758 daret.
2430 690 2507 758 At
2536 687 2778 759 beatus
2808 687 3105 780 Euplius

548 798 708 848 cum
746 778 813 846 in
850 798 1121 848 carcere
1159 777 1307 847 dies
1345 791 1604 867 septem
1640 788 1706 847 et
1739 776 2021 848 totidem
2059 789 2293 847 noctes
2326 776 2802 867 transegisset,
2854 797 2935 846 ac
2983 776 3102 847 siti

551 865 911 947 laboraret,
942 866 1186 936 erectis
1216 866 1286 935 in
1322 865 1588 936 coelum
1621 865 1973 948 manibuS‚
2017 871 2224 936 Deum
2261 866 2503 936 oravit.
2543 863 2912 955 Completis
2942 888 3107 955 pre-

549 956 750 1025 cibus
782 968 1061 1046 repente
1106 977 1444 1043 aquarum
1481 954 1680 1044 copia
1715 954 1783 1023 in
1822 976 2095 1025 carcere
2143 954 2525 1025 scaturivit.
2566 959 2808 1041 Itaque
2838 967 3108 1045 martyr

549 1044 698 1134 ipse
747 1049 881 1114 Deo
927 1045 1184 1136 gratias
1232 1065 1443 1134 agens
1473 1098 1488 1125 ‚
1543 1043 1742 1124 bibit,
1796 1055 1861 1113 et
1908 1055 2245 1123 sanctam,
2299 1043 2613 1131 ejusdem
2671 1043 3104 1114 substantiae

547 1145 960 1214 consortem,
1015 1145 1082 1203 et
1126 1133 1303 1202 vitae
1350 1131 1665 1201 omnium
1717 1132 2124 1202 effectricem
2183 1132 2580 1203 Trinitatem
2632 1131 3096 1213 collaudavit,

548 1220 963 1291 immensam
1004 1222 1118 1292 Dei
1169 1221 1572 1291 charitatem
1608 1220 1898 1311 psalmis
1930 1233 1994 1291 et
2026 1220 2309 1310 hymnis
2342 1219 2860 1291 concelebrans.

636 1311 673 1397 ξ
719 1315 813 1382 θ.
867 1315 1032 1381 Cum
1084 1332 1240 1380 vero
1284 1310 1430 1380 dies
1479 1323 1739 1399 septem
1793 1310 2351 1399 praeteriissent,
2402 1309 2616 1400 jussit
2664 1308 3102 1379 calvisianus

548 1397 711 1468 duci
754 1399 1026 1468 beatum
1078 1398 1401 1488 Euplium
1438 1398 1523 1467 ad
1560 1411 1887 1468 secretam
1924 1397 2073 1486 ejus
2108 1397 2419 1468 domum.
2459 1397 2827 1468 Calvisiani
2868 1410 3102 1468 autem

549 1485 900 1569 satellites,
939 1508 1097 1557 cum
1152 1486 1485 1577 patefacto
1532 1508 1829 1569 carcere,
1870 1485 2061 1557 illam
2113 1509 2449 1575 aquarum
2498 1486 2767 1577 copiam
2823 1496 3108 1576 repente

548 1574 941 1645 affluentem
995 1575 1349 1657 vidissent,
1405 1574 1867 1667 perterrefacti
1917 1587 2104 1647 sunt.
2163 1576 2455 1666 Euplius
2502 1597 2683 1657 ver0,
2729 1597 2939 1644 manu
2987 1595 3107 1645 ex-

549 1675 772 1745 tensa,
815 1664 1016 1751 quasi
1064 1685 1312 1751 aquam
1357 1665 1372 1733 i
1432 1687 1577 1735 sam
1629 1664 2032 1754 increpavit,
2083 1677 2148 1734 et
2188 1664 2415 1735 statim
2466 1663 2588 1735 illa
2634 1664 2934 1734 evanuit.
2990 1663 3108 1733 vi-

549 1751 808 1822 derunt
838 1752 1185 1834 satellites,
1229 1775 1366 1842 quo
1462 1753 1718 1824 factum
1770 1751 1993 1822 fuerat
2038 1753 2109 1822 in
2160 1774 2456 1833 carcere,
2495 1767 2559 1823 et
2593 1753 2771 1823 inter
2809 1774 2882 1822 se
2920 1752 3112 1823 dice-

550 1840 769 1910 bant:
826 1845 1011 1911 Certe
1043 1863 1152 1910 ma
1208 1864 1338 1911 nus
1384 1855 1484 1911 est
1519 1846 1697 1912 Deus
1731 1841 1870 1924 ille,
1923 1864 2127 1929 quem
2180 1841 2342 1911 colit
2390 1842 2596 1912 homo
2628 1841 2777 1912 iste.
2817 1846 3104 1911 Beatum

547 1951 711 1999 vero
751 1929 1074 2021 Euplium
1108 1952 1144 2000 e
1199 1942 1432 2001 uctum
1471 1953 1508 2002 e
1539 1952 1835 2012 carcere,
1875 1930 1959 2000 ad
2013 1942 2342 2001 secretam
2379 1930 2747 2002 Calvisiani
2794 1930 3103 2020 Tyranni

551 2016 841 2087 domum
892 2018 1350 2089 adduxerunt.
1410 2021 1535 2102 Qui
1577 2018 1815 2090 oculos
1853 2018 1921 2087 in
1966 2019 2241 2089 beatum
2279 2019 2602 2110 Euplium
2653 2031 3101 2089 convertens:

554 2105 805 2177 Saltem
844 2128 1056 2188 nunc,
1096 2108 1343 2195 inquit,
1383 2107 1519 2177 diis
1567 2107 1904 2190 sacrifica,
1943 2108 2348 2196 priusquam
2381 2107 2614 2198 gladio
2663 2120 2871 2199 caput
2900 2118 3108 2177 tuum

550 2194 1029 2265 abscindatur.
1084 2201 1271 2267 Tunc
1320 2195 1423 2266 illi
1471 2196 1784 2287 Euplius,
1843 2219 1879 2264 «
1913 2201 2229 2268 Perverse
2282 2207 2348 2266 et
2385 2210 2738 2267 excaecate
2787 2196 3111 2266 minister

550 2295 759 2372 atque
797 2284 1058 2375 collega
1092 2284 1374 2366 diaboli,
1426 2286 1749 2374 quisnam
1790 2296 1914 2366 est,
1967 2285 2089 2373 qui
2139 2285 2297 2355 velit
2338 2284 2561 2354 lucem
2599 2286 2988 2373 relinquere
3032 2296 3104 2355 et

549 2372 619 2441 in
670 2373 971 2443 tenebris
1009 2373 1422 2444 ambulare?
1461 2398 1497 2442 »
1547 2374 1891 2444 Turbatus
1929 2387 2031 2444 est
2077 2374 2188 2444 his
2240 2375 2464 2444 verbis
2513 2373 2981 2455 calvisianus,
3033 2386 3105 2444 et

539 2460 749 2551 jussit
797 2466 896 2532 Eu
951 2462 1119 2533 lium
1172 2462 1398 2554 ligari,
1451 2464 1741 2554 ejusque
1787 2484 1990 2533 aures
2038 2461 2278 2535 ferreis
2330 2463 2533 2534 uncis
2586 2462 2829 2541 avelli,
2885 2474 2951 2532 et
3011 2461 3103 2533 ad

548 2551 854 2622 tribunal
937 2553 1072 2622 uci.
1127 2556 1292 2622 Cum
1336 2554 1353 2621 i
1411 2553 1549 2622 itur
1582 2552 1751 2623 illuc
1798 2565 2140 2643 ageretur,
2178 2552 2549 2623 universus
2592 2552 2915 2643 populus,
2956 2564 3101 2621 tam

546 2661 813 2722 eorum,
853 2641 970 2729 qui
1008 2640 1257 2712 Christi
1307 2640 1350 2711 fi
1406 2663 1512 2712 em
1555 2641 2043 2729 sequebantur,
2103 2662 2313 2728 quam
2355 2641 2477 2727 qui
2524 2653 2719 2711 erant
2753 2640 3097 2722 infideleS,

546 2729 632 2798 ad
691 2729 846 2817 ejus
905 2730 1000 2800 rei
1052 2729 1371 2801 mirabile
1432 2729 1904 2820 spectaculum
1957 2731 2297 2800 convenit.
2358 2735 2549 2800 Tunc
2613 2729 2919 2801 nefarius
2974 2728 3098 2798 ille

545 2822 827 2888 Praeses
876 2817 1305 2888 Calvisianus
1354 2819 1567 2909 jussit
1631 2817 1861 2888 sedem
1931 2840 2129 2888 suam
2199 2818 2409 2888 locari
2474 2840 2686 2920 prope
2750 2839 3095 2889 carcerem

546 2919 705 2975 ante
745 2906 1123 2987 lavacrum,
1159 2904 1342 2993 quod
1378 2919 1523 2977 erat
1572 2906 1877 2976 vicinum
1911 2907 2195 2987 carceri,
2239 2906 2325 2976 ad
2381 2907 2738 2977 meridiem
2775 2929 3095 2998 vergens.

475 3009 477 3013 ’
545 2992 697 3063 Illic
739 2994 954 3084 igitur
982 2994 1253 3074 sedenS,
1299 2994 1511 3081 jussit
1559 2995 1833 3064 beatum
1886 2995 2209 3083 Euplium
2248 2994 2479 3082 gladio
2525 2997 2815 3086 percuti.
2868 3001 2944 3066 At
2983 2994 3105 3065 ille

546 3083 832 3171 rogabat
890 3081 1307 3162 Praesidem,
1361 3096 1437 3154 ut
1486 3096 1754 3153 tantum
1805 3084 2134 3174 temporis
2183 3084 2319 3153 sibi
2365 3085 2815 3168 concederet,
2868 3083 3102 3172 quoad

550 3171 760 3240 Deum
799 3193 995 3241 orare
1034 3183 1284 3261 posset.
1317 3177 1365 3241 A
1420 3184 1561 3241 erto
1596 3172 1809 3262 igitur
1856 3185 2092 3242 sancto
2123 3170 2242 3241 illo
2276 3173 2393 3242 Dei
2435 3174 2827 3265 Evangelio,
2876 3172 3105 3262 coepit

546 3259 821 3329 Domini
870 3260 1085 3329 nostri
1122 3259 1283 3328 Jesu
1335 3265 1377 3330 C
1434 3260 1583 3330 risti
1633 3259 1971 3331 miracula
2021 3262 2328 3331 recitare.
2382 3267 2472 3331 Ex
2521 3285 2660 3351 qua
2716 3285 2788 3333 re
2838 3260 3099 3333 factum

545 3358 671 3427 est,
720 3360 795 3417 ut
826 3348 1025 3419 multi
1059 3370 1139 3417 ex
1177 3369 1255 3418 ea
1290 3350 1516 3422 turba,
1555 3349 1861 3420 veritatis
1910 3348 2173 3419 lumine
2223 3351 2362 3421 sint
2408 3350 2757 3423 illustrati.
2790 3355 3104 3439 Cumque

544 3435 990 3508 beatissimus
1039 3450 1302 3526 martyr
1348 3443 1559 3508 Deum
1599 3450 2017 3528 precaretur,
2075 3437 2340 3508 audivit
2388 3462 2622 3509 vocem
2663 3463 2700 3510 e
2739 3438 2928 3510 coelo
2980 3439 3103 3508 de-

550 3522 864 3606 missam,
912 3547 991 3594 ac
1039 3525 1427 3596 dicentem:
1481 3531 1637 3596 Esto
1687 3528 1866 3597 bono
1914 3527 2150 3598 animo
2186 3582 2201 3610 ,
2267 3527 2510 3620 Eupli:
2565 3528 2807 3600 beatus
2853 3549 2928 3598 es
2973 3540 3097 3598 tu:

546 3634 696 3703 age,
734 3613 912 3696 veni,
955 3626 1020 3684 et
1052 3637 1211 3684 cum
1249 3615 1334 3684 iis
1369 3616 1743 3702 requiesce,
1785 3616 1905 3703 qui
1935 3637 2016 3686 ex
2055 3616 2382 3686 omnibus
2417 3617 2670 3688 seculis
2706 3617 2879 3686 mihi
2917 3617 3100 3708 grati

544 3701 934 3773 extiterunt.
989 3703 1321 3794 Deinceps
1367 3726 1447 3773 ex
1495 3703 1863 3775 Calvisiani
1921 3705 2260 3776 sententia
2313 3706 2605 3797 Euplius
2659 3706 2892 3797 gladio
2944 3728 3104 3797 per-

544 3812 819 3873 cussuS,
878 3793 1286 3882 martyrium
1321 3793 1714 3885 complevit.

632 3880 669 3967 ἓ
715 3884 789 3950 2.
845 3880 1140 3963 Quidam
1193 3904 1347 3951 vero
1396 3881 1712 3952 homines
1763 3880 1886 3951 reli
1940 3881 2091 3964 iosi,
2133 3897 2200 3952 et
2246 3882 2494 3952 Christi
2534 3895 2902 3964 amatoreS,
2947 3905 3105 3973 pre-

546 3967 754 4039 tiosas
790 3969 979 4041 illius
1019 3969 1347 4058 reliquias
1394 3970 1741 4053 collectas,
1796 3970 1864 4038 in
1944 3992 2067 4040 oco
2115 3970 2415 4058 quodam
2459 3971 2720 4062 insigni
2775 3994 3106 4062 reposue-

544 4070 748 4140 runt,
808 4059 929 4129 ubi
979 4058 1378 4129 morborum
1420 4059 1814 4129 curationes
1853 4058 1937 4128 ad
1990 4058 2400 4130 hodiernum
2454 4082 2677 4148 usque
2725 4060 2909 4130 diem
2950 4060 3104 4130 effi-

542 4144 845 4217 ciuntur.
899 4148 1064 4239 Ejus
1111 4161 1337 4219 autem
1395 4148 1804 4237 martyrium
1854 4162 1919 4217 et
1967 4160 2203 4218 sancta
2242 4147 2583 4218 confessio
2621 4149 2965 4240 completa
2994 4161 3100 4220 est

540 4234 912 4306 undecimo
959 4236 1069 4307 die
1105 4236 1361 4307 mensis
1400 4237 1714 4326 Augusti,
1754 4241 1853 4306 Im
1912 4236 2297 4307 eratoribus
2333 4237 2750 4308 Diocletiano
2783 4251 2848 4307 et
2888 4239 3097 4308 Maxi-

546 4320 816 4421 miano,
870 4325 1107 4415 impiis
1153 4339 1218 4395 et
1266 4324 1547 4395 nefariis
1604 4325 1867 4395 homini
1927 4348 2052 4396 us:
2107 4326 2177 4394 in
2229 4325 2430 4396 nobis
2477 4341 2706 4397 autem
2760 4340 3093 4418 regnante

542 4412 832 4481 Domino
879 4427 1109 4483 nostro
1144 4418 1312 4484 Jesu
1346 4413 1634 4484 ChristO.
3044 4413 3058 4435 ⁸
