3308 5004
235 345 426 415 mo.
481 343 571 415 20
898 366 995 446 nn=
1022 364 1080 415 s.
1133 353 1468 416 arenauno
1511 364 1657 413 Ana.
1709 351 2099 414 cunum.
2578 350 2708 419 483

231 449 525 533 muller.
577 465 789 539 quam
844 451 919 522 in
976 453 1323 523 tantorum
1377 451 1728 542 sartagine
1773 459 2274 523 tormentorum
2314 453 2621 525 carnifex
2669 476 2792 546 pe-

226 539 471 612 stilens
519 552 710 611 tanto
757 550 1065 632 tempore
1110 539 1415 623 frixerat,
1448 539 1726 612 'mentis
1773 561 1942 612 suae
1988 549 2274 631 compos
2318 542 2581 626 effecta,
2632 543 2792 615 red-

232 628 402 700 ditis
446 647 609 700 cum
661 630 927 701 ratione
972 628 1298 700 sensibus
1325 683 1342 713 ,
1398 629 1705 700 revoluta
1752 627 1935 701 intra
1979 627 2216 701 fauces
2270 629 2509 723 lingua
2539 687 2561 714 ,
2624 654 2793 704 con-

233 716 418 820 fessa
461 721 679 877 tllJeulm
708 757 728 800 -,
778 717 1040 811 gratias
1084 718 1272 816 egi-t,
1325 730 1391 789 et
1438 717 1690 792 intuita
1737 731 2125 791 curatorem
2181 740 2390 791 suurn
2421 773 2439 803 ,
2493 720 2793 813 pedibus

235 828 274 878 e
303 821 388 879 u‘s
418 828 457 877 a
512 828 593 882 vo
622 816 744 878 uta
770 818 899 878 est.

264 829 363 988 ’15
408 896 557 969 18.
609 901 868 990 Ingens
922 915 1048 988 per
1100 894 1467 968 ecclesiam
1533 893 1874 967 attollitur
1931 894 2242 966 clamor:
2308 897 2539 969 omnis
2602 908 2791 970 aetas

225 984 485 1078 jubilat
516 987 651 1056 Deo
681 1006 698 1054 :
738 995 1114 1076 personant
1145 994 1578 1055 aeramenta=
1614 983 2051 1058 benedicitur
2078 985 2168 1055 ab
2204 986 2534 1057 omnibus
2567 991 2784 1058 Deus:

232 1073 492 1146 excedit
540 1074 883 1145 veneratio
922 1073 1236 1156 modum,
1287 1087 1356 1145 et
1401 1093 1680 1145 servum
1728 1074 1848 1145 Dei
1888 1095 2103 1168 supra
2135 1072 2516 1158 hominem,
2551 1076 2613 1145 si
2646 1076 2789 1147 dici

230 1163 334 1236 ias
361 1175 487 1245 est,
534 1161 904 1251 liquefacta
958 1161 1291 1233 charitate
1336 1162 1581 1233 civitas
1618 1176 2005 1234 veneratur.
2058 1163 2536 1234 Audiebantur
2573 1165 2742 1234 haec
2768 1219 2785 1247 ,

228 1273 408 1342 quae
440 1251 810 1323 Mediolani
858 1251 1141 1334 fiebant,
1193 1263 1260 1322 et
1308 1271 1430 1353 per
1460 1261 1671 1323 totam
1706 1251 1975 1323 Italiam
2026 1252 2156 1322 viri
2205 1253 2323 1323 Dei
2356 1252 2793 1326 discurrebat

229 1341 492 1434 opinio,
552 1354 620 1411 et
671 1340 1167 1434 divulgabatur
1210 1340 1513 1429 ubique,
1564 1339 1754 1429 quod
1803 1341 2212 1412 surrexisset
2252 1343 2587 1432 propheta
2647 1364 2793 1413 ma-

225 1452 436 1524 gnus,
491 1439 733 1521 potens
781 1429 853 1500 in
883 1451 1092 1522 opere
1135 1439 1202 1500 et
1231 1449 1600 1500 sermone:
1651 1429 1776 1519 qui
1823 1431 2139 1501 invocato
2179 1431 2462 1502 nomine
2509 1431 2784 1514 Christi,

222 1532 291 1591 et
335 1519 657 1589 infirmos
683 1531 980 1601 curaret,
1025 1532 1092 1590 et
1119 1519 1441 1590 obsessos
1492 1540 1532 1589 a
1578 1518 2043 1590 daemonibus
2092 1518 2436 1591 liberaret.
2491 1520 2789 1590 Maxima

222 1608 510 1699 quidem
549 1608 613 1678 ei
652 1621 797 1679 erat
834 1607 905 1678 in
938 1607 1421 1679 curationibus
1468 1607 1987 1699 aegritudinum
2038 1608 2286 1700 gratia,
2340 1609 2460 1679 sed
2509 1609 2580 1679 in
2630 1609 2791 1679 dae-

222 1697 556 1768 monibus
601 1695 1054 1768 eliminandis
1116 1696 1545 1785 frequentior
1603 1698 1912 1789 operatio
1966 1709 2157 1767 erat:
2209 1697 2376 1786 quia
2441 1698 2790 1789 copiosior

221 1798 621 1857 vexatorum
674 1807 1013 1858 numerus
1059 1785 1146 1856 ad
1194 1795 1472 1878 experta
1522 1785 1838 1858 subsidia
1884 1787 2252 1868 currebat,
2323 1799 2390 1857 et
2435 1785 2788 1875 maJorum

221 1875 532 1968 operatio
579 1874 910 1945 virtutum
940 1929 957 1958 ,
1011 1875 1316 1946 minores
1374 1874 1791 1946 obscurabat
1836 1875 2143 1946 effectus.
2195 1875 2360 1945 Jam
2409 1897 2570 1947 vero
2616 1896 2785 1966 prae

220 1964 611 2053 frequentia
657 1963 925 2055 populi,
970 1963 1094 2053 qui
1121 1985 1166 2033 a
1200 1985 1402 2034 mane
1436 1985 1664 2052 usque
1700 1963 1786 2034 ad
1819 1985 2177 2056 vesperam
2226 1963 2493 2036 foribus
2526 1964 2787 2036 asside-

221 2054 366 2135 bat,
419 2075 508 2143 op
563 2053 904 2123 ressiones
951 2051 1142 2143 vulgi
1203 2065 1482 2145 propter
1526 2053 1840 2145 corporis
1888 2052 2439 2124 imbecillitatem
2497 2074 2644 2124 non·
2686 2053 2787 2124 fe-

220 2163 411 2223 renS,
448 2164 485 2211 a
569 2140 901 2213 fenestras
928 2140 1181 2213 domus
1214 2140 1616 2233 procedenS,
1660 2161 1732 2212 se
1764 2142 1866 2212 eis
1896 2141 2472 2233 conspiciendum
2504 2142 2789 2233 praebe·

220 2231 381 2312 bat,
441 2241 507 2300 et
551 2230 812 2301 elevata
857 2252 1074 2301 manu
1119 2230 1568 2301 benedicebat
1614 2231 1760 2301 eis:
1812 2252 2031 2322 panes
2091 2251 2366 2319 quoque
2413 2241 2480 2301 et
2526 2253 2781 2320 aquam

221 2319 650 2391 devehebant
697 2341 961 2402 secum,
1010 2319 1271 2407 quibus
1316 2319 1782 2392 benedictioni
1829 2319 1985 2409 eJus
2033 2319 2436 2411 suppositis,
2492 2319 2784 2391 domum

219 2427 300 2481 ea
388 2430 461 2480 ro
511 2408 869 2480 beneficiis
918 2407 1542 2480 sacramentalibus
1589 2409 1999 2480 referebant.
2036 2412 2133 2479 Ex
2167 2408 2412 2479 vicinis
2452 2429 2617 2480 sane
2664 2430 2782 2478 ca-

220 2511 322 2573 ste
355 2497 468 2580 lis,
521 2512 589 2571 et
633 2497 827 2580 viciS,
881 2510 947 2571 et
984 2497 1281 2570 urbibus
1336 2496 1541 2570 multi
1583 2498 1671 2570 ad
1727 2497 1955 2570 virum
2004 2498 2125 2570 Dei
2163 2497 2684 2579 confluxerant,
2718 2508 2788 2568 et

216 2588 629 2661 communia
683 2600 822 2657 tam
882 2586 1310 2658 advenarum
1363 2609 1577 2677 quam
1637 2587 1893 2659 civium
1963 2587 2036 2657 in
2098 2586 2481 2659 Mediolano
2551 2586 2785 2657 studia
2869 2623 2880 2635 ·

213 2690 440 2759 erant,
478 2676 804 2778 prosequi
844 2689 1188 2757 sanctum,
1230 2691 1546 2768 expetere
1573 2674 2017 2760 beneficium,
2057 2675 2301 2747 audire
2333 2676 2646 2758 verbum,
2684 2676 2785 2745 vi-

209 2766 387 2927 gelre
434 2786 763 2925 ειξηιιωε
815 2776 880 2834 et
910 2763 1227 2836 doctrina
1273 2787 1355 2837 ac
1397 2764 1757 2837 miraculis
1786 2765 1996 2848 ultra,
2039 2785 2251 2855 quam
2287 2763 2619 2836 credibile
2649 2776 2776 2848 est,

257 2877 294 2928 e
325 2865 484 2927 ecta
535 2866 828 2924 antur...

295 2947 335 3034 ξ
386 2949 536 3017 14.
591 2941 1169 3014 Febricitantibus
1216 2942 1459 3014 multis
1507 2941 1692 3013 idem
1742 2953 2028 3013 sanctus
2076 2962 2331 3013 manus
2377 2942 2774 3032 imponens,

207 3045 272 3105 et
320 3053 586 3121 aquam
638 3030 1068 3103 benedictam
1137 3032 1503 3124 porrigens
1547 3031 1634 3103 ad
1700 3030 2083 3103 bibendum
2119 3086 2136 3112 ,
2189 3032 2553 3102 sanitatem
2605 3030 2781 3102 obti-

206 3123 363 3194 nuit
406 3144 422 3191 :
475 3119 709 3192 aridas
758 3142 1011 3192 manus
1056 3132 1123 3192 et
1170 3122 1486 3192 membra
1532 3120 1841 3212 paralysi
1886 3119 2225 3191 dissoluta
2273 3130 2565 3224 tangens
2597 3174 2612 3201 ,
2666 3120 2783 3189 in·
2865 3156 2874 3177 ι

206 3210 609 3284 columitati
670 3210 1012 3281 restituit:
1064 3210 1292 3282 caecis
1353 3209 1562 3280 etiam
1629 3210 1762 3282 sub
1829 3207 2209 3280 multorum
2259 3209 2655 3281 testimonio
2704 3208 2780 3278 in

205 3302 454 3372 eadem
504 3299 799 3382 civitate,
841 3311 921 3370 ut
970 3298 1322 3378 viderent,
1388 3298 1485 3368 im
1541 3299 1716 3369 osito
1762 3298 1966 3389 signo
2022 3297 2283 3380 Crucis,
2337 3318 2377 3367 a
2421 3309 2614 3389 patre
2664 3295 2778 3368 lu-

213 3392 492 3462 minum
541 3400 852 3480 potenter
895 3387 1222 3461 obtinuit.
1275 3393 1404 3458 Per
1447 3388 1471 3458 i
1522 3409 1634 3459 em
1664 3399 1942 3478 tempus
1980 3385 2388 3458 Albanensis
2421 3391 2470 3456 E
2523 3386 2770 3478 iscopi,

162 3502 165 3503 ⁷
211 3498 422 3565 quem
465 3478 803 3548 Dominus
850 3482 1034 3569 Papa
1083 3477 1153 3546 in
1200 3475 1443 3547 eadem
1470 3476 1835 3568 'legatione
1880 3475 2016 3546 sibi
2077 3474 2414 3566 collegam
2511 3475 2770 3558 ederat,

212 3568 433 3658 gratia
485 3564 1005 3636 tractandorum
1055 3566 1488 3658 negotiorum
1539 3564 1922 3656 hospitium
1971 3563 2364 3645 intraverat,
2401 3576 2467 3634 et
2500 3563 2585 3634 de
2635 3564 2769 3647 his,

215 3677 394 3743 quae
444 3656 759 3747 injuncta
806 3653 1102 3755 fuerant,
1155 3654 1451 3757 agebant
1496 3654 1584 3724 ad
1633 3653 1976 3725 invicem:
2029 3675 2189 3723 cum
2240 3667 2518 3744 repente
2565 3653 2773 3724 irruit

216 3766 426 3846 super
471 3765 591 3814 eos
637 3741 1061 3825 adolescenS,
1114 3765 1324 3832 cujus
1370 3742 1758 3814 arida-erat
1805 3764 2057 3814 manus
2104 3754 2172 3812 et
2217 3754 2466 3813 retorta
2500 3741 2587 3810 ad
2618 3741 2774 3811 bra-

215 3833 492 3915 chium;
545 3844 612 3904 et
658 3831 1028 3902 advolutus
1058 3833 1354 3923 pedibus
1384 3832 1560 3922 ejus,
1600 3830 2012 3922 suppliciter
2043 3830 2347 3920 postulat
2375 3831 2767 3901 sanitatem.

221 3920 341 3991 Ille
387 3922 563 3994 alias
595 3932 977 4012 occupatus
1011 3976 1027 4003 ,
1081 3921 1432 3992 benedixit
1476 3919 1759 4010 quidem
1798 3931 1865 3990 et
1911 3919 2104 3990 abire
2160 3919 2531 4009 praecepit,
2574 3931 2639 3988 et
2689 3939 2775 3988 ne

223 4011 526 4112 amplius
566 4011 701 4081 sibi
756 4009 1143 4081 molestiam
1198 4010 1473 4093 faceret,
1519 4009 1748 4081 verbis
1795 4008 1996 4080 solito
2043 4008 2507 4078 severioribus
2554 4007 2772 4077 inter-

224 4093 412 4169 dixu.
465 4100 848 4171 Recedebat
877 4096 1016 4182 ille‘,
1072 4122 1208 4170 non
1248 4109 1663 4171 consecutus
1695 4097 1880 4188 quod
1911 4096 2321 4187 quaesierat,
2357 4117 2517 4167 cum
2572 4118 2773 4166 vene-

225 4185 460 4260 rabilis
493 4190 737 4280 Episco
791 4211 874 4259 us
907 4190 1041 4260 sub
1079 4189 1272 4259 omni
1305 4187 1648 4259 celeritate
1681 4208 1846 4258 eum
1894 4183 2161 4277 regredi
2185 4185 2410 4275 jubet,
2447 4196 2513 4254 et
2554 4206 2771 4256 manu

227 4290 570 4367 arreptum
622 4293 724 4350 tra
768 4280 828 4348 ‘it
874 4278 1162 4348 Abbati:
1214 4277 1391 4349 Huic
1422 4332 1438 4357 ‚
1510 4277 1738 4364 inquit
1771 4330 1787 4357 ,
1838 4275 1962 4362 qui
2010 4273 2298 4344 minime
2351 4273 2769 4345 beneficium

227 4380 656 4451 consecutus,
709 4368 834 4439 tibi
868 4381 945 4438 ut
978 4366 1344 4450 recederet,
1397 4364 1721 4447 obedivit,
1778 4378 1852 4434 tu
1885 4386 1972 4435 ne
2009 4361 2297 4434 claudas
2340 4364 2600 4436 viscera
2635 4364 2769 4433 mi-

222 4452 673 4529 sericordiae:
751 4457 1160 4549 quinpotius
1234 4469 1311 4528 tu
1378 4454 1746 4536 obedi,‘et
1799 4454 2047 4525 virtute
2106 4452 2534 4525 obedientiae
2565 4510 2580 4535 ,
2662 4475 2770 4522 me
