3308 5004
726 330 868 396 m
1668 348 1749 396 m:
1791 348 1852 397 s.
1899 345 2205 396 nonnum
2895 325 3062 393 AUG.
3102 326 3134 394 t

730 435 774 522 ξ
819 435 917 503 Φ.
980 435 1341 502 τΕωῑωπι
1391 431 1458 501 in
1512 432 1702 503 ‘Urbe
1747 433 2021 524 insigne
2073 429 2427 519 quoddam
2459 429 2951 501 smonasternnm
2989 447 3143 498 *san-

646 520 1179 602 ctimoniaiium,
1217 519 1401 609 quod
1450 536 1730 594 sanctae
1776 523 2026 591 Mariae
2073 533 2266 591 trans
2312 519 2634 601 Tiberim,
2682 516 3141 598 dicebatur,'in

640 627 789 702 quo
822 609 1247 681 venerabilis
1270 623 1358 679 *et
1386 611 1579 680 omni
1620 609 1887 681 honore
1917 609 2332 711 dignissima
2368 608 2677 700 ejusdem
2712 606 2996 697 Virginis
3019 625 3146 675 ma-

642 699 775 770 tris
806 701 1207 770 serrabatur
1251 699 1481 790 imago
1511 753 1526 781 ,
1586 719 1799 786 quam
1851 698 2297 770 beatissimus
2357 703 2576 769 Lucas
2623 694 3030 786 Evangelista
3067 692 3145 763 ad

641 787 1087 878 nutiusejns
1131 799 1196 857 et
1243 787 1523 858 habitus
1590 787 2121 859 similitudinem
2172 786 2258 857 ad
2318 788 2549 856 vivum
2630 785 2829 876 plane
2882 781 3150 854 creditur

644 876 1063 968 depitmisse.
1100 881 1307 960 ‘Quae
1350 875 1630 963 quidem
1685 877 1999 966 piissima
2053 876 2286 978 imago
2359 876 2594 947 nescio
2707 894 2795 945 uo
2852 894 3008 948 casu
3062 870 3152 940 illi

644 966 976 1038 eccl-‘siae
1020 964 1299 1036 sublata
1339 964 1587 1045 fuerat,
1640 965 1761 1034 sed
1805 963 1908 1035 illi
1957 964 2232 1035 coelesti
2290 963 2662 1034 miraculo·
2751 964 2803 1034 it
2847 961 3149 1032 restituta.

648 1059 812 1125 Eam
840 1071 1034 1136 ivero,
1088 1067 1164 1124 ut
1196 1075 1321 1144 par
1341 1064 1467 1135 est,
1520 1052 1715 1124 illius
1744 1054 2141 1126 monasterii
2181 1069 2474 1134 sorores,
2518 1065 2584 1123 et
2631 1051 2914 1124 Romani
2945 1065 3154 1120 omnes

647 1139 982 1229 ineffabili
1014 1142 1248 1213 studio
1273 1142 1801 1213 venerabantur.
1833 1142 1928 1213 Ad
1962 1142 2149 1213 hunc
2184 1161 2351 1233 ergo
2399 1142 2628 1212 locum
2663 1154 2741 1213 ut
2786 1142 3015 1212 beatus
3037 1142 3156 1207 ‘Do-

645 1233 953 1304 minicus
986 1231 1312 1311 accessit,
1365 1231 1793 1302 Abbatissam
1844 1242 1910 1301 et
1949 1251 2224 1301 ¹sorores
2253 1234 2693 1313 omnes,-una
2741 1242 2962 1300 tamen
2992 1226 3157 1295 dem-

650 1335 793 1413 pta.
844 1320 932 1391 ud
985 1319 1335 1391 Pontificis
1400 1319 1820 1390 voluntatem
1867 1320 2169 1390 inflexit:
2220 1333 2648 1407 cunctaeque
2702 1320 2770 1388 in
2836 1336 3067 1386 manus
3103 1313 3158 1384 ei

645 1410 1113 1480 obedientiam
1162 1408 1654 1499 promiserunt,
1707 1430 1780 1478 se
1827 1408 1989 1479 inde
2025 1409 2464 1499 migraturas,
2517 1409 2576 1479 si
2624 1407 2745 1478 illa
2782 1404 3157 1476 dulcissima

650 1499 882 1590 imago
928 1518 1091 1568 cum
1134 1497 1306 1587 ipsis
1352 1496 1553 1566 vellet
1587 1498 1966 1568 transferri.
2003 1502 2165 1567 Eam
2225 1496 2691 1567 conditionem
2749 1495 3029 1565 libenter
3067 1512 3162 1560 ac-

647 1588 832 1689 cepit
884 1591 955 1657 S.
1008 1586 1432 1668 Dominicus‚
1488 1584 1664 1656 illud
1702 1586 2062 1676 adjicienS,
2114 1587 2174 1656 si
2224 1586 2347 1656 illa
2392 1585 2874 1656 desiderabilis
2919 1584 3155 1672 imago,

648 1675 991 1757 uti-olim,
1045 1674 1131 1744 ad
1166 1695 1364 1746 suam
1420 1674 1672 1745 rediret
1717 1675 2122 1754 ecclesiam,
2174 1686 2242 1744 et
2291 1675 2485 1766 ipsae
2532 1675 2790 1766 pariter
2834 1683 3055 1743 essent
3089 1665 3163 1737 ab

650 1763 779 1834 hac
808 1764 1196 1835 obedientia
1244 1763 1623 1835 absolutae.
1668 1765 1792 1834 His
1824 1766 1915 1835 ita
1946 1764 2182 1855 gestis,
2238 1762 2592 1854 prohibuit
2619 1764 2748 1845 eis,
2783 1783 2869 1832 ne
2917 1758 3167 1852 posthac

648 1874 688 1922 e
716 1852 1132 1923 monasterio
1179 1853 1442 1922 exirent
1489 1854 1840 1923 visitatum
1880 1866 2196 1944 parentes
2227 1851 2330 1921 vel
2372 1852 2547 1922 alios
2576 1870 3070 1940 quoscumque.

732 1943 775 2030 ξ
820 1947 977 2015 10.
1031 1941 1158 2013 Ubi
1202 1942 1633 2011 resciverunt
1678 1963 1919 2011 earum
1969 1941 2244 2031 cognati
2291 1953 2357 2011 et
2400 1941 2649 2023 amici,
2703 1940 3037 2030 quidnam
3084 1933 3168 2003 fe-

649 2029 928 2111 cissent,
980 2043 1043 2099 et
1091 2029 1347 2117 quibus
1381 2031 1869 2116 assensissent,
1919 2031 2137 2101 multo
2181 2028 2413 2099 furore
2462 2030 2731 2120 perciti,
2787 2028 2873 2098 ad
2921 2048 3032 2097 eas
3074 2042 3170 2122 roff

650 2138 835 2202 nere,
868 2119 1178 2205 dureque
1210 2119 1693 2210 objurgarunt,
1726 2117 1909 2206 quod
1943 2119 2031 2189 ad
2068 2119 2581 2209 persuasionem
2625 2118 2938 2189 hominis
2983 2116 3171 2204 ignoti

651 2219 789 2277 tam
822 2207 1071 2277 celebri
1124 2207 1271 2278 loco
1318 2207 1667 2289 derelicto,
1712 2208 1846 2278 alio
1895 2229 1967 2277 se
2014 2206 2384 2278 transferre
2429 2207 2723 2277 vellent:
2782 2228 2908 2276 nec
2952 2227 2992 2274 a
3030 2220 3173 2271 con-

650 2296 954 2367 tumeliis
1004 2297 1222 2367 sancti
1269 2297 1400 2366 viri
1433 2297 1896 2378 abstinebant,
1933 2318 2092 2367 eum
2130 2296 2486 2386 sacrilegis
2538 2295 2809 2398 linguis
2848 2292 3172 2366 hominem

648 2403 947 2472 nequam
996 2399 1064 2456 et
1109 2405 1418 2456 scurram
1469 2385 1920 2476 appellantes,
1973 2390 2214 2472 Itaque
2277 2384 2701 2486 perturbatis
2765 2384 2907 2455 illis
2951 2393 3016 2452 et
3055 2379 3178 2448 foe-

632 2474 880 2547 mineo
930 2475 1172 2547 timore
1252 2475 1607 2557 erterritis,
1646 2496 1784 2546 non
1827 2495 2088 2566 paucae
2119 2495 2200 2544 ex
2242 2494 2345 2545 eis
2392 2474 2489 2544 rei
2539 2473 2720 2545 bene
2767 2486 2998 2566 gestae
3032 2487 3180 2568 qua·

648 2563 806 2634 dam
881 2564 1207 2636 irratione
1262 2564 1336 2634 ili
1406 2565 1652 2635 ductae
1701 2578 1865 2635 sunt
1914 2564 2353 2654 poenitentia.
2433 2567 2616 2632 Haec
2668 2577 2907 2635 autem
2968 2576 3180 2632 omnia

648 2653 753 2722 vir
795 2654 934 2736 Dei,
971 2653 1425 2732 licetabsens‚
1465 2675 1547 2723 eo
1573 2654 1848 2742 spiritu,
1877 2674 2018 2740 quo
2047 2653 2435 2743 regebatur,
2469 2652 2823 2723 revelante
2860 2645 3179 2742 cognovit.

651 2743 1011 2812 sustinens
1071 2756 1299 2811 autem
1349 2741 1432 2811 ad
1487 2741 1689 2811 breve
1736 2754 2010 2830 tempus
2040 2796 2055 2821 ,
2107 2740 2420 2841 quodam·
2459 2740 2572 2809 die
2620 2762 2839 2811 mane
2885 2739 3065 2810 venit
3106 2730 3181 2802 ad

650 2830 880 2899 locum
908 2885 924 2912 ,
976 2844 1040 2899 et
1091 2842 1241 2915 post
1286 2830 1593 2900 oblatum
1673 2831 1920 2901 Missae
1967 2829 2433 2911 sacrificium,
2491 2832 2838 2902 concione
2885 2835 3184 2931 peracta,

648 2917 822 2987 dixit
857 2918 942 2987 ad
999 2917 1159 2988 illas
1208 2917 1459 2989 blande
1496 2929 1561 2988 et
1615 2918 1899 2988 leniter:
1961 2940 1998 2985 «
2028 2917 2238 2988 Filiae
2290 2938 2524 2999 meae,
2570 2919 2730 3009 jam
2791 2918 3072 3007 quidem
3116 2911 3190 2980 de

649 3006 1032 3077 sanctitatis
1066 3008 1438 3097 proposito,
1477 3007 1766 3096 perinde
1797 3020 2003 3095 atque
2039 3006 2125 3076 de
2168 3004 2529 3086 maleficio,
2573 3009 2888 3079 multum
2937 3001 3186 3078 doletis,

648 3106 717 3164 et
759 3094 970 3165 vultis
1015 3116 1057 3163 a
1105 3095 1282 3165 bona
1332 3094 1439 3163 via
1488 3095 1732 3182 pedem
1804 3095 2185 3177 retrahere,
2248 3107 2399 3187 eta
2448 3107 2638 3197 tergo
2694 3095 2974 3169 Domini
3025 3110 3192 3163 rece-

647 3183 832 3285 dere.
864 3182 994 3284 Sed
1027 3203 1186 3252 cum
1220 3183 1408 3273 apud
1461 3188 1673 3254 Deum
1706 3184 1882 3286 grati
1916 3182 2022 3253 illi
2052 3185 2191 3253 sint
2226 3196 2295 3254 et
2324 3196 2613 3275 accepti,
2652 3188 2784 3274 qui
2826 3177 3196 3256 voluntarie

648 3294 713 3342 ei
759 3271 1175 3351 sacrificant,
1229 3284 1295 3340 et
1325 3271 1508 3341 ultro
1556 3294 1630 3342 se
1674 3294 1735 3342 ei
1784 3272 2115 3342 offerunt:
2159 3273 2221 3342 si
2259 3294 2399 3360 qua
2447 3272 2517 3342 in
2549 3274 2757 3346 vobis
2805 3287 2912 3345 est
2962 3275 3195 3343 timens

654 3365 895 3442 Deum,
947 3371 1015 3431 et
1051 3359 1343 3430 audiens
1366 3380 1596 3431 vocem
1631 3362 1812 3431 servi
1856 3362 2031 3452 ejuS,
2084 3373 2367 3451 sponte,
2432 3362 2539 3432 uti
2584 3375 3014 3434 conventum
3061 3368 3189 3437 est,

653 3449 795 3518 huc
840 3448 928 3518 ad
969 3469 1080 3518 me
1116 3448 1418 3531 accedat,
1475 3450 1761 3520 Domino
1806 3450 2266 3521 obedientiam
2316 3449 2662 3521 oblatura.
2698 3475 2737 3521 »
2767 3459 2966 3524 Tunc
2996 3449 3202 3520 Abba-

652 3538 816 3608 tissa
864 3558 1025 3608 cum
1060 3537 1388 3609 omnibus
1435 3538 1613 3619 aliis,
1653 3539 1833 3609 sicut
1881 3540 2018 3629 jam
2058 3551 2218 3610 ante
2262 3539 2585 3621 fecerant,
2637 3541 2889 3612 denuo
2939 3543 3007 3610 in
3059 3537 3201 3625 ejus

652 3646 906 3697 manus
956 3626 1414 3697 voluntariam
1475 3627 1938 3698 obedientiam
1988 3629 2480 3719 promiserunt.
2533 3634 2732 3712 Quae
2781 3632 2974 3702 enim
3023 3626 3203 3698 abie-

648 3727 807 3787 rant
852 3727 1032 3786 retro
1080 3727 1232 3807 post
1269 3728 1607 3798 satanam,
1649 3716 1871 3787 sancti
1920 3718 2137 3807 patris
2169 3718 2434 3787 meritis
2465 3730 2632 3788 sunt
2684 3740 3031 3791 reversae.
3089 3720 3206 3784 De-

650 3803 816 3875 inde
836 3805 952 3874 ·vir
990 3804 1297 3895 prudens
1345 3804 1684 3893 quosdam
1744 3827 2132 3889 convers05‚
2171 3806 2353 3877 viros
2410 3805 2779 3896 religiosos
2829 3824 2898 3880 et
2936 3806 3210 3880 solertes

650 3892 1012 3995 adhibuit,
1076 3893 1198 3982 qui
1258 3895 1754 3965 monasterium
1804 3908 2134 3986 perpetuo
2180 3894 2649 3976 custodirent,
2722 3911 2796 3968 et
2861 3893 3209 3969 sororibus

650 4002 1042 4054 necessaria
1080 3982 1590 4054 ministrarent:
1642 3984 2062 4071 abstulitque
2109 3983 2335 4055 claves
2375 4003 2644 4067 omneS,
2684 3999 2758 4057 et
2798 3987 3018 4058 totius
3071 4002 3213 4053 mo-

653 4072 937 4143 nasterii
968 4070 1639 4142 administrationem
1671 4073 1744 4142 in
1795 4094 1868 4143 se
1906 4072 2269 4163 recipiens,
2325 4092 2462 4143 non
2501 4074 2852 4163 permisit,
2905 4088 2988 4147 ut
3022 4071 3211 4143 dein-

653 4178 734 4229 οε
850 4159 965 4230 vel
1003 4160 1437 4251 propinquis,
1490 4160 1593 4231 vel
1643 4161 1802 4232 aliis
1840 4161 1992 4232 sine
2040 4161 2318 4233 arbitris
2365 4160 2852 4249 loquerentur.

721 4292 735 4348 2
804 4254 957 4322 ⁴21.
1029 4250 1267 4320 Postea
1310 4249 1541 4323 fidelis
1590 4250 1864 4321 Domini
1927 4271 2166 4322 servus
2220 4262 2286 4320 et
2342 4251 2652 4340 prudens
2705 4275 2794 4323 ex
2863 4269 3216 4324 consensu

651 4346 869 4436 trium
896 4335 1387 4437 cardinalium,
1439 4360 1737 4427 quorum
1787 4339 2151 4431 regebatur
2189 4352 2260 4408 et
2294 4340 2745 4410 muniebatur
2794 4341 3114 4424 auxiliis,
3146 4335 3219 4409 id

652 4435 1030 4509 constituit,
1052 4438 1131 4497 ut
1149 4428 1334 4518 apud
1363 4433 1429 4499 S.
1455 4430 1719 4499 Sixtum
1746 4441 1990 4518 quarta
2014 4427 2206 4511 feria,
2239 4427 2374 4519 ipsi
2397 4441 2698 4518 quatuor
2722 4433 3211 4510 convenirent,
