3308 5004
154 307 334 375 AUG.
392 308 474 373 ⁴5
761 323 841 372 nr.
887 323 1194 372 Assunrr.
1249 324 1527 373 ηιμ-135.
1583 325 1753 373 vinc.
1806 325 2048 374 nam
2477 310 2607 378 349

158 405 501 476 hominem
529 404 598 474 in
624 403 774 493 ipsa
805 402 1188 476 divinitatis
1212 402 1460 474 clausit
1494 404 1867 475 identitate.
1897 406 2436 478 occurrentibus
2465 421 2693 480 autem

155 493 426 584 Angelis
458 492 829 564 electorum
868 493 1163 573 animas,
1207 515 1383 580 quas
1431 514 1664 563 secum
1697 493 2054 576 educebat,
2107 495 2446 587 adjunxit,
2484 511 2549 566 et
2595 498 2695 567 sic

157 595 603 669 utrorumque
653 582 1060 673 triumphali
1111 584 1366 674 pompa
1403 581 1744 653 deductus
1775 582 1862 651 ad
1895 588 2184 666 Patrem,
2229 585 2418 655 sedet
2456 586 2541 655 ad
2577 586 2697 656 de·

157 684 414 742 xteram
465 671 864 741 Ma'estatiS.
900 670 1141 742 Attolle
1171 671 1320 759 jam
1369 670 1606 741 oculos
1653 671 1755 749 ad,
1790 673 2333 762 assumptionem
2367 675 2688 766 Virginis,

157 774 219 830 ct
261 760 450 830 salva
501 695 652 829 Filii
713 761 1107 850 majestate,
1177 759 1484 831 invenies
1531 783 1901 832 occursum
1950 760 2164 852 hujus
2216 784 2505 853 pompae
2554 786 2689 834 non

163 850 591 920 mediocriter
637 848 1051 939 digniorem.
1106 848 1244 919 Soli
1291 849 1550 939 quippe
1582 850 1820 941 Angeli
1870 849 2306 940 Redemptori
2338 873 2699 922 occurrere

165 951 548 1028 potuerunt,
586 938 778 1007 Matri
809 959 966 1008 vero
997 938 1347 1008 coelorum
1398 937 1647 1030 palatia
1685 939 2063 1028 penetranti
2114 939 2326 1010 Filius
2361 939 2506 1029 ipse
2537 963 2695 1010 cum

162 1042 286 1098 tota
334 1028 530 1098 curia
580 1041 717 1096 tam
766 1026 1207 1117 Angelorum,
1248 1049 1457 1115 quam
1482 1027 1832 1117 justorum
1869 1027 2268 1098 solemniter
2295 1048 2691 1108 occurrens,
2770 1082 2785 1099 .

161 1117 363 1187 evexit
409 1116 496 1187 ad
548 1116 783 1185 beatae
830 1116 1319 1187 consistorium
1371 1116 1726 1196 sessionis,
1778 1131 1843 1185 et
1890 1117 2027 1186 ait:
2091 1122 2244 1187 Tota
2324 1118 2568 1187 ulchra
2600 1140 2689 1199 es,

163 1208 371 1275 amica
401 1213 578 1287 mea,'
632 1214 696 1274 et
734 1208 1009 1275 macula
1037 1227 1168 1274 non
1199 1214 1294 1274 est
1333 1206 1404 1273 in
1436 1214 1500 1275 te
1543 1205 1772 1294 (Cant.
1809 1205 1926 1295 1v).
1980 1210 2138 1275 Tota
2177 1140 2490 1297 pulchra,
2535 1205 2700 1293 quia

165 1307 284 1364 tota
314 1293 673 1365 deificata:
730 1292 999 1363 macula
1036 1315 1168 1363 non
1204 1305 1306 1363 est
1353 1293 1424 1362 in
1463 1307 1545 1375 te,
1585 1293 1750 1381 quia
1799 1295 2095 1384 Spiritus
2129 1299 2421 1365 Sanctus
2453 1315 2699 1384 super·

165 1384 434 1453 venitin
488 1396 576 1464 te,
617 1382 736 1470 qui
769 1393 833 1451 te
876 1381 1255 1451 mundavit.
1294 1383 1417 1452 Sed
1455 1395 1520 1452 et
1551 1384 1754 1474 Virgo
1793 1383 2111 1473 gratiosis
2158 1383 2512 1454 cumulata
2547 1405 2699 1453 mu-

166 1472 458 1554 neribus,
515 1484 743 1541 tantae
772 1470 1183 1562 benignitati
1219 1471 1541 1541 Davidico
1589 1494 1906 1542 sermone
1940 1473 2330 1562 respondet,
2384 1493 2700 1542 summae

164 1559 575 1651 dignationis
610 1559 990 1631 claritatem
1034 1559 1412 1631 admirans.
1454 1563 1751 1631 Tenuisti
1775 1584 2050 1631 manum
2076 1562 2425 1632 demteram
2452 1584 2696 1643 meam,

165 1652 312 1719 etin
332 1653 682 1721 voluntate
702 1659 820 1718 tua
850 1649 1200 1718 dedumisti
1219 1671 1346 1731 me,
1377 1659 1610 1719 etcum
1634 1652 1862 1740 qloria
1884 1652 2239 1741 suscepisti
2258 1674 2362 1720 me
2390 1650 2529 1739 (Ps.
2557 1650 2694 1740 72).

165 1742 316 1809 Nota
351 1738 713 1809 verborum
751 1738 1155 1838 positionem
1191 1737 1557 1811 disserenti
1597 1738 1942 1829 graduum
1994 1738 2433 1810 distinctione
2466 1740 2702 1829 signa-

169 1840 318 1896 tam.
366 1826 700 1907 Tenuisti,
754 1826 982 1912 inquit
1014 1880 1030 1908 ,
1085 1848 1370 1896 manum
1422 1826 1769 1897 dexteram
1824 1849 2071 1910 meam,
2123 1829 2287 1915 quia
2334 1827 2701 1898 etsilaeva

168 1927 269 1984 tua
312 1919 443 1988 sub
493 1915 716 2006 capite
772 1937 970 1996 meo,
1026 1915 1299 1985 dextera
1348 1928 1465 1985 tua
1500 1916 1648 2006 jam
1691 1916 2122 2007 amplexatur
2171 1938 2302 1987 me.
2356 1921 2434 1986 Et
2484 1916 2555 1985 in
2593 1939 2703 1987 vo-

169 2002 413 2076 luntate
473 2018 593 2075 tua
640 2002 984 2073 deduxisti
1033 2026 1187 2086 me,
1243 2025 1378 2074 non
1429 2004 1499 2072 in
1552 2027 1704 2075 mea
1753 2005 2217 2087 sublimitate,
2268 2005 2434 2093 quia
2484 2018 2698 2075 totum

175 2114 335 2182 opus
362 2095 627 2186 gratiae
655 2106 776 2169 est,
816 2114 950 2162 non
1004 2105 1312 2163 naturae.
1350 2098 1429 2162 Et
1455 2116 1616 2165 cum
1650 2094 1869 2183 gloria
1903 2093 2269 2186 suscepisti
2300 2116 2444 2164 me:
2484 2094 2703 2184 gloria

171 2182 393 2269 utique
425 2182 751 2274 gloriosa,
789 2204 996 2268 quam
1051 2203 1185 2251 non
1223 2181 1434 2262 novit,
1476 2182 1610 2251 nisi
1639 2184 1760 2269 qui
1796 2182 2005 2265 dedit,
2043 2195 2110 2253 et
2146 2183 2259 2254 cui
2295 2183 2553 2253 donare
2597 2183 2705 2252 di-

172 2285 403 2359 gnatus
435 2285 562 2342 est.

253 2367 286 2440 S
331 2366 416 2434 ΔΙ.
472 2360 752 2430 Attende
788 2372 1017 2430 autem
1067 2358 1495 2450 diligentiam
1526 2415 1541 2441 ,
1586 2372 1652 2430 et
1701 2360 2258 2448 consequentiam
2313 2359 2701 2449 Scriptura-

173 2467 337 2517 rum.
391 2449 690 2540 Spiritus
736 2448 921 2519 enim
973 2452 1289 2530 SanctuS,
1330 2450 1399 2519 in
1451 2449 1656 2537 cujus
1694 2449 1958 2520 fabrica
2013 2462 2148 2520 tam
2200 2449 2443 2520 veteris
2489 2469 2698 2536 quam

176 2537 314 2605 novi
363 2539 750 2609 testamenti
800 2538 929 2609 fuit
976 2539 1384 2627 compositio
1430 2538 1764 2610 fabricata
1795 2593 1811 2621 ,
1864 2539 2346 2609 Ascensionem
2409 2538 2585 2618 Filii,
2638 2550 2703 2607 et

173 2626 386 2696 Matris
431 2628 986 2718 Assumptionem
1041 2627 1254 2696 simili
1303 2627 1482 2717 stylo
1533 2627 2067 2719 perambulans,
2132 2638 2231 2696 ter
2277 2627 2694 2727 interrogat:

172 2714 323 2793 Quis
367 2730 469 2787 est
517 2716 697 2786 iste?
743 2729 806 2786 et
856 2716 1050 2787 tertio
1099 2716 1386 2805 repetit:
1441 2721 1627 2799 Quae
1661 2730 1762 2786 est
1808 2717 1993 2786 ista?
2040 2716 2343 2786 Primum
2381 2715 2464 2786 de
2504 2716 2696 2796 F1lio.

173 2816 388 2888 postea
426 2806 513 2875 de
560 2810 769 2875 Matre
808 2805 1187 2894 videamuS.
1241 2810 1319 2874 In
1371 2806 1621 2895 spiritu
1670 2804 2095 2875 fortitudinis
2136 2804 2443 2874 Salvator
2478 2804 2565 2874 ad
2597 2805 2701 2874 in-

173 2886 335 2962 feros
380 2894 809 2965 descendens
854 2894 1172 2964 contrivit
1222 2908 1453 2983 portas
1500 2916 1774 2974 aereas,
1827 2908 1892 2964 et
1943 2906 2160 2964 vectes
2226 2892 2481 2964 ferreos
2540 2915 2702 2963 con-

175 2975 403 3076 fregit,
461 2997 529 3053 et
575 2983 979 3084 gehennalis
1033 2982 1212 3053 ollae
1273 2983 1627 3073 dissipatis
1676 2982 2140 3073 fragminibus
2176 3036 2193 3063 ,
2259 2995 2473 3052 totum
2527 2981 2700 3052 illud

174 3067 388 3140 infelix
438 3072 911 3142 habitaculum
965 3081 1246 3142 ruinosa
1295 3073 1753 3143 concussione
1814 3071 2179 3143 succussit.
2251 3070 2701 3141 Conclaman-

175 3154 340 3230 tibus
371 3160 688 3251 Angelis:
738 3162 1043 3231 Accolcite
1068 3171 1302 3251 portas
1328 3163 1666 3252 principes
1702 3171 2003 3231 vestras.-
2039 3160 2143 3230 illi
2175 3160 2299 3247 qui
2337 3160 2708 3250 superbiae

173 3239 356 3332 lapsu
388 3248 809 3320 irremeabili
841 3264 1273 3331 corruerunt,
1312 3250 1741 3340 ignoratione
1781 3249 2220 3341 dedignativa
2261 3260 2695 3336 retorquent:

176 3330 320 3409 Quis
351 3348 447 3407 est
474 3340 600 3407 iste
631 3343 780 3408 Rem
814 3340 1076 3428 gloriae
1102 3339 1140 3407 ?
1174 3339 1299 3408 Hic
1328 3351 1431 3410 est
1461 3338 1577 3408 ille
1608 3339 1971 3429 insipienS,
2010 3339 2134 3426 qui
2172 3337 2344 3408 dixit
2385 3338 2454 3406 in
2497 3337 2703 3408 corde

175 3437 325 3490 suo:
379 3430 520 3496 Non
571 3439 674 3497 est
722 3431 922 3505 Deus,
960 3439 1026 3497 et
1056 3427 1305 3513 nescio,
1339 3428 1735 3507 Dominum,
1780 3441 1844 3496 et
1874 3426 2084 3498 Israel
2137 3448 2273 3496 non
2323 3426 2694 3497 dimittam.

172 3509 384 3599 Angeli
435 3515 627 3604 pacis
674 3515 1098 3585 confidenter
1132 3516 1612 3606 ingeminant:
1666 3518 1987 3586 Dominus
2034 3518 2266 3606 sortiS,
2330 3526 2394 3585 et
2434 3526 2692 3606 potem,

174 3598 466 3673 Dominus
501 3614 734 3695 potens
787 3606 859 3673 in
902 3607 1211 3694 praelio:
1264 3605 1458 3675 fortis
1504 3605 1587 3675 ad
1643 3620 1936 3675 vestram
1990 3604 2461 3675 fortitudinem
2504 3603 2700 3673 infir-

174 3690 527 3779 mandam:
583 3706 822 3782 potens
870 3692 957 3762 ad
1010 3706 1304 3763 vestram
1343 3693 1714 3784 potentiam
1766 3694 2236 3774 vacuandam;
2289 3693 2359 3762 in
2411 3692 2693 3781 praelio,

176 3769 281 3842 1110
314 3781 551 3869 utique
582 3781 948 3872 singulari.
983 3803 1121 3869 quo
1149 3795 1516 3872 potestates
1545 3785 1782 3853 aereas
1812 3782 2261 3872 singulariter
2305 3780 2695 3852 debellavit.

178 3861 543 3961 Resurgens
590 3870 677 3940 ab
726 3869 988 3952 inferiS,
1025 3885 1091 3940 et
1137 3872 1470 3943 solemnis
1494 3872 1841 3951 ,victoriae
1875 3870 2118 3940 vexilla
2156 3882 2539 3960 reportanS,
2577 3869 2702 3940 ho-

181 3966 410 4048 minem
478 3959 752 4030 unitum
818 3958 999 4040 sibi,
1051 3981 1259 4046 quem
1323 3982 1679 4047 nunquam
1740 3959 2052 4040 dimisit,
2107 3958 2584 4039 resuscitavit,
2635 3970 2702 4028 et

183 4045 666 4134 lrtumphatrici
731 4047 965 4137 palma
1018 4048 1230 4119 coelis
1295 4049 1648 4128 invectus,
1704 4048 1888 4118 Patri
1951 4068 2146 4118 ovem
2193 4046 2640 4118 centesimam
2677 4101 2693 4127 ,

182 4141 362 4230 ‘luam
392 4135 803 4225 perdiderat,
836 4150 1359 4225 repraesentans
1387 4137 1583 4208 audit
1615 4137 1704 4208 ab
1733 4135 2042 4227 Angelis:
2074 4136 2243 4218 Quis
2270 4148 2374 4208 est
2407 4136 2533 4206 iste
2561 4141 2700 4207 Rex

187 4209 461 4296 gloriae:
515 4224 642 4295 Sed
692 4236 759 4295 et
804 4224 1065 4296 eisdem
1114 4226 1760 4297 conclamantibus:
1810 4226 2131 4295 Dominus
2178 4227 2511 4296 virtutum
2557 4226 2700 4317 ipse

190 4310 270 4397 3³?
305 4310 434 4381 Rea>
483 4316 747 4406 qloriae
773 4339 799 4384 .·
847 4313 1199 4385 coelorum
1249 4314 1618 4384 insonuere
1651 4314 1932 4405 palatia,
1982 4326 2050 4386 et
2086 4326 2225 4385 tota
2262 4314 2696 4406 supercoele-

194 4395 299 4460 sus
336 4395 571 4474 domus
621 4402 1128 4494 profusioribus
1165 4402 1442 4496 gaudiis
1471 4402 1856 4474 inundavit.

954 4681 988 4718 d
