3308 5004
775 235 783 268 l

718 356 847 423 ⁴98
1329 372 1409 422 nn
1457 373 1514 421 s.
1567 372 1848 421 Assumo
1895 371 2080 421 conr.
2132 369 2486 420 caunum
2891 350 3073 418 AUG.
3126 350 3165 417 7

628 458 1033 550 praeteriere
1079 457 1249 540 dies,
1300 469 1365 528 et
1402 457 1843 549 omnipotens
1871 460 2051 528 Deus
2075 475 2392 527 annuens
2427 454 2932 537 votisillorum,
2964 460 3170 525 ‚loan-

627 569 756 617 nae
803 546 1163 639 praestitit,
1215 558 1294 618 ut
1338 568 1377 617 e
1423 568 1551 617 suo
1606 547 1855 617 marito
1916 567 1991 617 se
2036 545 2319 616 sentiret
2363 544 2745 635 gravidam.
2800 547 3003 615 Porro
3048 545 3169 614 Be-

627 635 943 707 nedictus
988 636 1095 705 vir
1137 636 1311 727 ejus,
1361 635 1530 706 vidit
1561 636 1632 705 in
1681 634 1949 707 somnis
2010 655 2284 706 cereum
2335 634 2627 704 mirifice
2674 632 3081 720 radiantem,
3132 646 3171 702 e

627 746 795 795 suae
822 725 1142 816 conjugis
1166 736 1361 796 utero
1400 724 1854 815 prodeuntem
1885 747 1901 792 ε
1956 745 2080 795 nec
2106 722 2472 794 dissimilis
2505 723 2678 793 visio
2705 722 2856 814 ejus
2889 722 3170 813 conjugi

626 813 857 884 oblata
901 812 1077 884 fuit:
1116 825 1520 902 mutuoque,
1556 813 1728 902 quid
1759 813 2115 895 vidissent,
2169 812 2302 882 sibi
2340 812 2764 892 indicarunt,
2815 811 3011 881 flexis
3059 830 3173 902 ge⁴

632 903 840 974 nibus
886 903 1142 995 gratias
1173 915 1454 994 agentes
1483 908 1617 973 Deo
1653 913 1720 973 et
1756 902 2240 973 sanctissimae
2258 901 2546 994 Virgini,
2585 900 2895 989 dixitque
2939 912 3174 991 postea

622 998 939 1062 Joanna:
978 992 1047 1062 si
1094 1012 1196 1073 ea,
1248 1013 1428 1080 quae
1461 991 1692 1062 videre
1723 991 1924 1061 nobis
1971 991 2193 1072 licuit,
2247 1012 2450 1062 suum
2500 989 2818 1060 habitura
2870 1000 3037 1059 sunt
3072 987 3173 1058 ef-

626 1081 905 1162 fectum,
943 1102 1241 1172 magnus
1269 1082 1399 1151 erit
1437 1080 1738 1172 profecto
1767 1081 1882 1151 hic
1930 1101 2103 1171 puer
2148 1097 2378 1152 coram
2418 1079 2727 1149 Domino.
2764 1078 2893 1149 Ubi
2922 1077 3173 1148 deinde

628 1182 868 1260 partus
915 1168 1193 1239 advenit
1223 1181 1518 1261 tempus,
1554 1169 1778 1240 filium
1817 1169 2104 1272 peperit,
2133 1171 2246 1240 cui
2294 1169 2474 1239 sacri
2516 1167 2950 1259 baptismatis
2987 1166 3171 1237 fonte

624 1257 884 1338 abluto,
941 1257 1192 1328 Alberti
1230 1280 1479 1328 nomen
1532 1259 1886 1348 imposuit,
1942 1278 2078 1329 non
2128 1259 2278 1328 sine
2325 1257 2662 1329 instinctu
2707 1255 2966 1337 divino,
3005 1275 3168 1325 cum

621 1347 810 1438 apud
844 1346 1131 1418 Siculos
1160 1347 1493 1418 hactenus
1542 1348 1649 1417 vix
1678 1347 1837 1437 quis
1889 1368 2052 1418 uam
2101 1348 2196 1417 ita
2241 1360 2421 1418 esset
2467 1345 2882 1436 appellatus,

711 1439 749 1524 ἓ
802 1441 892 1507 D.
944 1440 1309 1522 Postquam
1360 1446 1588 1506 autem
1638 1437 1852 1507 nonni
1911 1436 1956 1506 il
2006 1437 2216 1506 crevit
2249 1456 2444 1528 puer,
2491 1434 2886 1504 liberalium
2915 1434 3170 1504 artium

624 1524 877 1595 studiis
912 1536 1017 1594 est
1044 1523 1388 1595 admotus,
1426 1525 1549 1595 Ille
1584 1547 1741 1595 vero
1766 1525 1997 1595 Sancti
2036 1526 2333 1617 Spiritus
2357 1524 2578 1615 gratia
2614 1537 2920 1602 ornatus,
2959 1521 3172 1593 literis

624 1614 801 1683 bene
828 1612 1166 1694 eruditus,
1199 1624 1265 1683 et
1309 1614 1593 1704 optimis
1627 1614 1938 1686 moribus
1986 1615 2391 1694 instructus,
2427 1612 2830 1704 parentibus
2877 1610 3161 1690 charus,

623 1703 894 1773 civibus
932 1715 1258 1793 acceptus
1303 1717 1368 1773 et
1397 1702 1718 1774 amabilis
1764 1702 1917 1773 fuit.
1968 1709 2123 1774 Jam
2157 1723 2421 1773 annum
2459 1717 2773 1773 octavum
2823 1700 3165 1791 attigerat,

621 1802 688 1861 et
733 1791 1017 1879 quidam
1120 1794 1484 1882 raecipuae
1558 1792 1936 1864 nobilitatis
1969 1792 2140 1873 viri,
2197 1814 2358 1862 eum
2411 1790 2784 1883 poscebant
2830 1803 3169 1880 sponsum

625 1880 854 1951 addici
905 1880 1062 1970 puel
1096 1902 1175 1950 ae
1199 1881 1502 1963 cuidam,
1546 1881 1933 1973 quaeregio
1981 1892 2337 1952 stemmate
2369 1895 2528 1951 nata
2573 1878 2940 1949 videretur.
2977 1883 3173 1947 Pater

624 1971 799 2058 eJus,
836 1968 1115 2039 illorum
1150 1969 1427 2040 tandem
1476 1971 1697 2041 flexus
1736 1970 2080 2061 precibus,
2137 1991 2280 2039 rem
2323 1970 2410 2039 ad
2457 1989 2739 2039 uxorem
2776 1966 3001 2047 refert,
3046 1988 3172 2057 pu-

629 2071 784 2127 tans
813 2078 965 2127 eam
1008 2080 1143 2128 non
1194 2058 1491 2128 alienam
1532 2058 1676 2129 fore
1718 2059 1804 2129 ab
1850 2060 2002 2150 eJus
2051 2059 2147 2129 rei
2198 2078 2567 2129 consensu.
2621 2061 2696 2126 At
2734 2055 2855 2126 illa
2906 2068 3174 2146 postea-

625 2168 833 2234 quam
878 2146 1141 2217 audivit
1174 2149 1500 2218 maritum
1552 2147 1716 2218 talia
1752 2149 2118 2230 dicentem,
2157 2147 2355 2218 valde
2392 2148 2933 2236 obstupescenS,=
2964 2144 3067 2214 ait
3090 2143 3172 2214 ad

625 2256 828 2306 eum:
884 2235 1088 2305 Miror
1136 2236 1574 2326 prudentiam
1618 2249 1807 2307 tuam
1841 2236 1939 2307 vel
1990 2238 2062 2306 in
2101 2236 2416 2307 animum
2464 2234 2793 2305 inducere
2833 2234 3164 2324 potuisse,

624 2338 701 2394 ut
731 2346 811 2394 ea
860 2345 1303 2416 proponereS,
1340 2347 1517 2413 quae
1564 2326 1712 2395 fieri
1763 2324 1955 2397 nefas
2008 2326 2119 2396 sit.
2173 2331 2266 2396 An
2316 2346 2472 2395 vero
2511 2323 2656 2413 jam
2710 2342 2994 2412 prorsus
3048 2324 3172 2392 im·

626 2434 889 2483 memor
934 2435 1006 2485 es
1037 2413 1522 2506 benignissimi
1571 2415 1904 2485 creatoris
1943 2415 2067 2498 tui,
2101 2415 2222 2502 qui
2273 2436 2398 2485 nos
2430 2426 2620 2484 tanto
2651 2410 2864 2481 voluit
2900 2409 3175 2481 afficere

624 2501 983 2584 beneficiO,
1034 2504 1498 2575 intercedente
1529 2526 1652 2595 pro
1702 2504 1901 2576 nobis
1951 2516 2386 2574 sacrosancta
2434 2501 2712 2593 Virgine
2773 2499 3031 2570 Maria?
3080 2505 3173 2571 An

628 2613 764 2662 non
814 2592 1047 2662 danda
1098 2592 1299 2664 nobis
1354 2614 1562 2684 opera
1607 2606 1745 2674 est,
1798 2604 1876 2664 ut
1924 2598 2055 2664 Deo
2101 2605 2169 2664 et
2215 2591 2690 2665 sanctissimae
2755 2589 2946 2659 Matri
3018 2590 3174 2661 e'us

626 2681 1101 2770 persolvamus
1148 2681 1333 2769 quod
1371 2682 1658 2773 polliciti
1689 2686 1983 2753 sumus?
2027 2682 2340 2753 Albertus
2373 2680 2561 2751 filius
2595 2688 2827 2749 noster
2857 2699 2994 2748 non
3067 2700 3175 2749 oe-

626 2770 877 2851 minae,
931 2770 1049 2839 sed
1100 2774 1232 2840 Deo
1257 2771 1517 2861 conjun
1568 2770 1791 2841 endus
1821 2780 1945 2853 est,
1980 2781 2046 2841 et
2077 2792 2313 2842 sacrae
2350 2768 2668 2861 religioni
2702 2766 3171 2859 copulandus.

622 2859 744 2929 His
777 2857 1059 2939 auditiS‚
1112 2869 1305 2942 pater
1344 2795 1773 2941 Benegictus,
1830 2859 2066 2930 divino
2113 2873 2468 2951 permotus
2510 2858 2790 2939 timore,
2844 2855 3166 2939 obticuit,

624 2967 749 3016 nec
793 2945 1014 3017 ullam
1060 2945 1277 3016 voluit
1322 2948 1472 3037 ejus
1506 2948 1600 3019 rei
1649 2948 1978 3038 deinceps
2013 2948 2234 3019 facere
2277 2947 2721 3018 mentionem.
2772 2950 2915 3015 Non
2969 2943 3177 3017 debet

622 3046 850 3104 autem
904 3035 1159 3105 mirum
1207 3034 1425 3106 videri
1476 3036 1759 3118 Lectori,
1811 3036 1996 3125 quod
2060 3036 2406 3119 diximus,
2460 3034 2812 3106 Albertum
2869 3054 3174 3123 puerum

622 3121 977 3205 tenellum,
1031 3144 1367 3214 sponsum
1417 3146 1457 3194 a
1493 3124 1917 3213 quibusdam
1958 3126 2354 3215 expetitum.
2396 3123 2750 3214 Ejusmodi
2799 3122 2986 3191 enim
3021 3143 3177 3192 rna-

625 3210 1057 3293 trimonium‚
1110 3233 1234 3312 per
1262 3213 1470 3283 verba
1502 3214 1587 3284 de
1608 3214 1849 3284 futuro
1882 3224 2308 3285 contractum
2340 3225 2541 3295 esset,
2578 3211 2761 3301 quod
2794 3206 2982 3303 apud
3019 3211 3175 3302 ejus

624 3320 695 3368 re
748 3300 926 3370 ionis
964 3299 1232 3370 nobiles
1270 3299 1594 3390 frequens
1639 3313 1765 3374 est.

791 3392 885 3460 θ.
963 3393 1169 3460 Porro
1220 3401 1435 3460 mater
1500 3397 1771 3462 Joanna
1843 3393 2121 3463 beatum
2170 3390 2517 3461 Albertum
2550 3390 2588 3426 ⁴⁸
2633 3390 2701 3459 in
2760 3387 3173 3459 cubiculum

623 3476 891 3559 accivit,
928 3490 994 3548 et
1040 3478 1276 3548 omnia
1312 3479 1374 3548 ei
1422 3480 1759 3571 exposuit,
1804 3493 1953 3551 tum
2014 3480 2099 3551 de
2145 3481 2594 3572 conceptione
2645 3479 2821 3568 ejuS,
2878 3491 3027 3548 tum
3090 3476 3176 3546 de

622 3565 1008 3638 visionibus
1055 3578 1463 3657 parentum:
1524 3569 1733 3640 simul
1783 3570 1986 3641 etiam
2054 3569 2398 3650 indicanS,
2452 3567 2621 3657 quid
2672 3568 2961 3638 Domino
3062 3585 3176 3636 ro·-

624 3654 996 3725 misissent.
1038 3655 1162 3726 Ille
1209 3665 1379 3726 vero⁴
1413 3679 1571 3728 cum
1621 3658 1827 3728 verba
1871 3658 2111 3728 matris
2175 3659 2385 3749 probe
2431 3658 2765 3749 cepisset,
2815 3655 3013 3726 humi
3048 3656 3177 3725 iter

622 3745 683 3813 ei
726 3743 1118 3835 respondit:
1174 3750 1394 3836 «Ego,
1455 3758 1710 3829 mater,
1766 3756 1901 3817 non
1955 3770 2108 3817 sum
2170 3748 2302 3818 mei
2351 3748 2576 3839 juris,
2632 3744 2751 3816 sed
2800 3757 3174 3837 parentum

622 3853 932 3903 meorum
956 3834 1131 3925 jugo
1165 3833 1450 3906 salutari
1487 3858 1596 3905 me
1643 3837 1864 3907 sentio
1904 3837 2264 3907 contineri.
2310 3834 2487 3919 Quid
2537 3834 2774 3925 igitur,
2820 3855 2972 3903 mea
3024 3855 3176 3903 ma-

625 3935 747 4004 ter,
801 3944 913 4024 me
965 3922 1069 3993 vis
1122 3921 1390 3994 facere?
1446 3925 1706 3995 mundo
1756 3947 1841 3996 ne
1888 3926 2162 4008 servire,
2235 3936 2301 3994 et
2364 3923 2802 4015 temporariis
2852 3920 3175 4015 perfungi

622 4011 1027 4094 honoribus,
1080 4011 1183 4081 vel
1283 4013 1464 4083 otius
1516 4036 1758 4084 amare*
1782 4014 2152 4095 Christum,
2199 4026 2264 4084 et
2308 4013 2413 4083 illi
2453 4014 2524 4082 in
2586 4033 2784 4083 saera
2838 4011 2963 4081 reli
3018 4012 3178 4081 ione

623 4111 1034 4191 perpetuum
1082 4102 1238 4171 exhi
1291 4124 1403 4173 ere
1448 4101 1888 4185 famulatum,
1930 4116 2009 4173 ut
2068 4103 2328 4195 possim
2396 4113 2672 4172 aeterna
2719 4123 2758 4171 a
2811 4097 2908 4171 ud
2967 4123 2991 4170 1
3025 4100 3176 4170 lum

621 4190 757 4257 vita
796 4188 981 4285 frui?
1025 4190 1209 4279 quod
1266 4191 1546 4280 quidem
1596 4214 1716 4263 vos
1774 4191 1875 4261 illi
1924 4191 2433 4283 promisistis.»
2474 4195 2744 4282 Respon
2802 4190 2852 4261 it
2907 4189 3179 4259 Joanna

625 4289 875 4378 mater:
922 4279 1299 4379 Equidem,
1361 4280 1455 4350 mi
1515 4280 1640 4363 fili,
1709 4292 1968 4363 votum,
2036 4279 2217 4370 quod
2287 4280 2888 4371 nuncupavimu5‚
2957 4277 3174 4349 nolim

621 4385 771 4434 esse
815 4379 1133 4437 irritum:
1188 4371 1402 4440 immo
1453 4392 1609 4440 vero
1645 4381 1783 4441 toto
1834 4383 2103 4463 pectore
2150 4380 2419 4439 oratum
2471 4380 2535 4439 te
2581 4369 2810 4451 velim,
2863 4378 2941 4438 ut
2985 4366 3175 4456 quod

672 4491 698 4518 ²·
728 4492 899 4533 Decem
920 4492 1091 4535 saltem
1117 4496 1223 4544 post
1240 4496 1388 4543 suuis,
1409 4506 1516 4538 cum
1544 4497 1733 4548 plenam
1761 4496 1863 4547 ipse
1886 4496 2256 4538 adolescentiam
2275 4496 2400 4537 esset
2422 4493 2679 4547 ingressus.
