3308 5004
822 304 956 369 700
1590 320 1678 367 ns
1715 320 1778 368 s.
1825 318 2097 368 :cuano
2143 319 2434 368 tumn
2932 300 3079 367 Ano.
3103 303 3150 365 28

730 407 1092 496 expeditus
1146 416 1214 476 et
1243 404 1396 474 sine
1447 404 1947 505 impedimento
1996 405 2418 476 secularium
2475 404 2845 483 actionum,
2898 419 3152 474 conaretur

732 495 1058 585 irrepere.
1090 500 1213 565 Per
1244 493 1426 563 hanc
1458 515 1645 562 emm
1673 494 1853 563 viam
1877 493 2036 564 Abel
2064 494 2303 582 justus
2335 495 2739 586 suscipitur,
2765 494 2973 563 Enoch
3003 494 3150 563 batus

732 583 1139 665 assumitur,
1190 584 1326 654 Noe
1373 595 1784 662 reservatur,
1836 581 2177 653 Abraham
2219 583 2522 674 eligitur,
2578 587 2767 653 Isaac
2815 582 3149 652 benedicitur.

731 669 940 743 Jacob
984 672 1338 752 dilatatur,
1388 671 1653 761 {Ioseph
1709 671 2122 752 custoditur,
2181 678 2446 760 Moyses
2503 672 2989 749 sanctificatur,
3031 671 3151 739 David

786 761 1311 842 raedestinatur,
1355 759 1676 831 Salomon
1721 760 2006 841 ditatur,
2052 777 2186 831 tres
2235 762 2429 852 pueri
2478 761 2659 831 inter
2722 760 3012 830 incendia
3046 781 3143 828 rom

801 864 916 920 nta
964 852 1467 928 vaticinantur,
1533 849 1769 920 Daniel
1841 849 2024 919 inter
2083 850 2420 920 innocuas
2477 849 2730 919 bestias
2778 849 3060 940 pascitur:
3095 853 3180 916 Per*

733 939 915 1011 hanc
965 941 1142 1011 viam
1191 937 1492 1029 Apostoli
1546 938 1971 1029 diriguntur,
2042 944 2371 1028 Martyres
2420 939 2596 1009 beati
2647 937 3089 1029 glorificantur.
3120 939 3155 1002 [t

730 1029 1053 1116 qualiter,
1089 1028 1376 1116 inquis?
1407 1026 1679 1098 Scilicet
1710 1027 1876 1096 dum
1919 1027 2233 1097 infirmos
2261 1040 2532 1107 curant,
2578 1041 2882 1098 mortuos
2911 1027 3152 1097 suscitant

733 1118 1122 1209 praesentia
1184 1129 1663 1195 contemnunt,
1715 1115 1948 1186 futura
1993 1115 2432 1196 desiderant,
2487 1130 2773 1187 tortores
2833 1115 3151 1206 despiciunt.

734 1221 994 1297 poenas
1040 1228 1178 1276 non
1229 1205 1558 1286 sentiunt,
1610 1204 1698 1274 ad
1748 1204 2065 1275 coelestia
2121 1227 2333 1295 regna
2391 1205 2841 1276 contendunt.
2889 1209 3047 1288 Quod
3074 1224 3182 1302 ptr1

731 1295 1067 1367 culdubio
1108 1295 1356 1365 virtute
1410 1294 1692 1383 propria
1749 1315 1885 1362 non
1946 1293 2354 1375 obtinerent,
2401 1295 2534 1364 nisi
2597 1316 2717 1385 per
2764 1295 2931 1364 viam
2959 1293 3182 1381 jusum*

732 1385 1115 1455 rectissime
1149 1382 1570 1463 incedentes,
1622 1405 1665 1452 a
1715 1383 2469 1454 Domino·audirentur.

822 1477 859 1562 ἓ
909 1480 1000 1546 2.
1054 1472 1163 1542 Sic
1196 1486 1264 1543 et
1302 1470 1606 1562 inclytus
1647 1484 1912 1560 martyr
1954 1472 2324 1553 Julianus,·
2364 1471 2486 1559 qui
2534 1470 2901 1541 Viennensi
2937 1468 3152 1561 (Attum

741 1561 948 1653 gum)
993 1576 1187 1632 ortus
1233 1560 1429 1640 urbe,
1480 1561 1801 1630 Arvernis
1858 1561 2064 1631 datus
2110 1577 2213 1630 est
2260 1575 2438 1630 mart
2491 1584 2543 1640 r,
2606 1561 2694 1631 ab
2751 1561 2878 1630 hoc
2919 1561 3046 1650 igne
3075 1575 3153 1624 sue

730 1673 1015 1732 census,
1062 1651 1231 1721 baec
1286 1650 1731 1741 concupivit,
1784 1671 1865 1719 ac
1928 1659 2155 1719 mente
2203 1661 2343 1719 tota
2455 1649 3031 1732 esideravit..Quia
3071 1663 3150 1712 curt

731 1752 916 1810 esset
964 1738 1151 1829 apud
1201 1738 1680 1809 beatissimum
1735 1737 2127 1808 Ferreolum
2175 1739 2233 1817 ⁴,
2266 1739 2414 1824 jam
2465 1751 2629 1808 tunc
2675 1739 2974 1828 martyrii
3018 1733 3151 1805 ardor?

733 1828 1124 1918 flagrabat:
1171 1828 1295 1914 qui
1348 1827 1605 1897 relictis
1653 1826 1914 1898 divitiis
1962 1849 2041 1897 ac
2113 1850 2238 1917 pro
2291 1828 2526 1915 inquis
2555 1882 2571 1909 ,
2624 1839 2884 1898 tantum
2929 1828 3002 1896 ob
3034 1821 3150 1891 sollu}

736 1938 1046 1986 amorem
1099 1915 1413 2006 martyrii
1449 1916 1769 1987 Arvernis
1795 1916 2093 1986 advenit.
2131 1921 2212 1985 Se
2312 1938 2438 1986 nec
2470 1916 2599 1987 hoc
2640 1917 2794 1987 sine
2835 1916 3034 1985 divino
3055 1928 3150 1978 mar

736 2005 899 2074 dato
951 2005 1250 2094 peregit,
1325 2026 1486 2074 cum
1538 2017 1702 2074 tunc
1781 2005 2165 2095 persecutio
2207 2006 2280 2075 in
2344 2006 2714 2074 Viennensi
2771 2005 2931 2074 urbe
2969 2003 3144 2093 ferveret

740 2097 1028 2183 Legerat
1074 2094 1260 2162 enim
1313 2094 1683 2163 Dominum
1743 2093 2188 2184 praedixisse,
2238 2097 2321 2166 Si
2365 2118 2481 2164 vos
2525 2097 2867 2185 persecuti
2907 2092 3146 2183 suerum

742 2184 881 2252 ista
921 2185 1222 2264 οἱυίιαιε,
1274 2185 1497 2283 [uqite
1549 2185 1627 2252 in
1675 2186 1893 2252 aliam
1941 2185 2212 2272 (Manli.
2245 2187 2336 2272 x).
2392 2183 2693 2254 Contulit
2745 2205 2903 2272 ergo
2941 2205 2998 2250 se
3026 2178 3142 2270 hictu

734 2275 1042 2341 Arverno
1085 2271 1448 2352 territorio,
1504 2293 1640 2341 non
1696 2285 1883 2342 metu
1923 2273 2188 2352 mortis,
2244 2273 2363 2342 sed
2404 2284 2481 2343 ut
2527 2271 2922 2360 relinquens
2961 2282 3142 2360 proptu·

734 2358 1017 2430 facilius
1069 2361 1451 2449 perveniret
1498 2360 1584 2430 ad
1636 2360 1940 2450 palmam
1976 2415 1992 2442 ‚
2046 2362 2394 2431 metuebat
2437 2362 2664 2441 enim,
2724 2384 2809 2430 ne
2858 2361 2914 2431 ei
2964 2365 3142 2449 parem&

733 2461 967 2521 essent
998 2448 1206 2531 obvii,
1242 2449 1301 2519 si
1332 2450 1509 2521 inter
1555 2472 1678 2520 eos
1707 2450 1836 2522 hoc
1868 2463 2213 2522 certamen
2267 2449 2618 2521 inivisset:
2652 2463 2722 2521 et
2756 2448 3026 2542 perderet
3044 2437 3138 2511 wil&

733 2538 984 2609 Christi
1033 2561 1357 2608 coronam
1395 2538 1681 2630 gloriae,
1735 2541 1792 2608 si
1830 2539 2132 2631 legitime
2168 2561 2301 2608 non
2337 2551 2689 2609 certasset.
2731 2542 2937 2631 Igitur
2975 2538 3130 2623 iustine,

732 2628 1236 2717 persecutione,
1290 2627 1375 2697 ad
1426 2628 1887 2698 Brivatensem
1936 2628 2338 2719 (Brioude)
2391 2629 2644 2709 vicum,
2703 2629 2773 2697 in
2822 2651 2946 2717 quo
2984 2625 3132 2712 sanatum
3185 2626 3186 2651 ¹

732 2716 986 2786 erroris
1035 2716 1321 2786 naeniae
1367 2716 1794 2798 colebantur,
1839 2717 2137 2786 advenit.
2190 2721 2269 2786 Et
2315 2740 2475 2787 cum
2529 2717 2807 2805 insequi
2852 2717 3132 2787 adversanos

733 2818 911 2875 nutu
943 2806 1056 2875 Dei
1093 2805 1444 2886 sensisset,
1479 2829 1518 2876 a
1546 2806 1753 2874 vidua
1800 2805 2098 2892 quadam
2132 2828 2206 2875 se
2230 2805 2560 2877 occultari
2600 2806 2999 2907 deprecatur.
3022 2802 3132 2893 ΟΜ

732 2893 854 2963 illa
905 2900 1163 2984 tegens,
1219 2894 1379 2964 ilico
1406 2907 1706 2981 martyre
1758 2909 2078 2983 poscente
2118 2894 2408 2965 detexit:
2447 2896 2569 2983 qui
2602 2917 2757 2966 suts
2785 2885 3135 2986 insecundo

731 2981 827 3052 ita
875 2982 1088 3053 dixit:
1143 3007 1179 3050 «
1210 2983 1375 3053 Nolo
1422 2982 1690 3053 diutius
1735 2985 2152 3053 commorari
2185 2984 2255 3053 in
2291 2984 2418 3054 hoc
2467 2982 2919 3073 secul0,‚quia
2955 2977 3128 3050 simwffi

733 3072 954 3142 animi
1002 3071 1325 3142 aviditate
1367 3071 1513 3157 jam
1564 3072 1979 3142 Christum.»
2995 3153 3004 3164 ι
3088 3140 3097 3150 ,

819 3162 858 3246 ξ
895 3164 988 3231 Β.
1041 3164 1117 3229 At
1158 3159 1259 3229 illi
1298 3162 1545 3231 educta
1611 3161 1906 3231 vibranti
1964 3161 2240 3230 dextera
2288 3160 2591 3239 framea,
2636 3159 2874 3231 deciso
2913 3164 3058 3243 capite.
3088 3160 3132 3207 ¹⁰

735 3260 873 3347 tres
902 3248 1012 3337 (ut
1066 3248 1158 3317 ita
1189 3248 1448 3334 dicam)
1487 3263 1713 3339 partes
1746 3249 2092 3350 gloriosus
2141 3249 2474 3330 dividitur
2524 3262 2812 3337 martyr.
2863 3257 2986 3321 Nam
3013 3238 3142 3332 0³9¹st

732 3341 1065 3406 Viennam
1095 3336 1425 3417 defertur,
1449 3352 1643 3408 artus
1666 3344 1927 3407 Brivate
1969 3339 2464 3419 reconduntur,
2496 3337 2653 3407 felix
2684 3339 2916 3410 anima
2941 3328 3147 3423 athe-usto

732 3424 1089 3495 conditore
1123 3427 1525 3519 suscipitur.
1581 3433 1787 3498 Senes
1819 3449 2118 3514 quoque,
2172 3428 2292 3515 qui
2324 3449 2598 3497 sacrum
2646 3448 2900 3517 corpus
2927 3428 3149 3499 manum·

733 3526 976 3584 verant
1042 3514 1464 3605 sepulturae,
1522 3516 1614 3586 ita
1681 3516 2078 3605 reintegrati
2129 3530 2318 3597 sunt,
2381 3531 2457 3587 ut
2506 3517 2573 3585 in
2626 3527 2960 3586 senectute
2986 3514 3151 3611 sagunti

734 3603 965 3694 positi,
1022 3616 1372 3691 tamquam
1399 3604 1690 3691 Juvenes
1722 3606 2163 3677 haberentur.
2204 3610 2420 3694 Caput
2448 3626 2731 3692 quoque
2759 3606 2905 3693 ejus
2929 3586 3155 3671 Ferreolus

733 3706 998 3783 martyr
1026 3694 1291 3783 accepit
1320 3717 1332 3759 :
1372 3693 1853 3783 completoque
1878 3696 2278 3776 certamine,
2311 3709 2446 3765 tam
2484 3694 2678 3764 illius
2708 3695 3006 3765 membra,
3034 3691 3154 3767 quam

732 3782 936 3851 istius
979 3793 1211 3874 caput,
1265 3782 1335 3851 in
1400 3781 1614 3852 unius
1665 3783 1919 3852 tumuli
1973 3783 2403 3873 receptaculo
2450 3783 2895 3854 collocantur.
2945 3783 3084 3860 Onne
3111 3780 3156 3861 ’,Ψ

731 3872 1058 3958 cuiquam
1111 3870 1423 3942 fortassis
1459 3872 1772 3942 videatur
1821 3872 2252 3943 incredibilis
2283 3894 2433 3943 esse
2477 3870 2801 3955 narrati0‚
2842 3887 2993 3958 quae
3017 3852 3158 3932 audtss

729 3973 943 4052 gesta,
984 3959 1281 4029 fideliter
1331 3961 1645 4053 prodam.
2983 4040 3016 4053 μ
3135 4026 3142 4033 .

818 4051 856 4136 ἓ
904 4054 990 4123 4.
1043 4048 1354 4132 Quodam
1407 4063 1752 4139 tempore,
1805 4048 1974 4120 dum
2025 4049 2109 4118 ad
2162 4072 2529 4121 occursum
2588 4051 2764 4123 beati
2815 4047 3021 4119 Nicetu
3055 4042 3159 4133 22⁰⁰·

730 4139 910 4212 stitis
945 4139 1034 4221 ³⁹,
1081 4162 1303 4229 usque
1342 4139 1757 4230 Lugdunum
1813 4140 2322 4228 processissem,
2368 4139 2572 4211 libuit
2595 4139 2824 4210 animo
2868 4152 2982 4204 non
3021 4123 3159 4196 ahter·

780 4336 802 4358 ⁸
840 4336 896 4375 Iu
917 4336 1255 4385 nsrtyrotwto
1271 4337 1402 4377 Rom.
1425 4345 1546 4377 xvm
1567 4337 1696 4385 sept.
3079 4370 3086 4377 .

782 4389 836 4415 ⁸*
865 4390 901 4428 Β
931 4389 1407 4438 tribu-‘homonymi-
1435 4391 1511 4430 88.
1541 4387 1785 4440 Episcopi·
1815 4387 1866 4432 in
1893 4391 2136 4439 Msrtyrot.
2166 4391 2439 4432 memoratis
2456 4419 2468 4437 ,
2495 4390 2818 4442 Lugdunend·
2845 4378 3028 4429 Μ
3051 4373 3106 4413 ⁸⁸⁶
3125 4362 3163 4403 ⁶²

728 4440 887 4481 cultu·
909 4450 942 4480 u
960 4444 1065 4490 Apr.
1088 4443 1201 4482 Vide
1222 4444 1327 4483 Sur.
1347 4443 1447 4483 Vol.
1473 4452 1533 4487 tv.
1550 4452 1594 4491 p.
1612 4444 1678 4482 6¹1.
