3308 5004
224 327 417 396 mc.
468 327 541 393 Η
776 346 861 393 ιιι
903 344 960 393 s.
1013 344 1307 394 susam
1350 343 1527 394 viae.
1576 344 1771 394 nur.
1821 342 1949 393 emt
1996 339 2200 393 sonus
2553 325 2684 392 239

199 430 489 590 -Eeceati
536 450 716 503 onus
762 428 1047 520 gravius
1089 440 1156 500 et
1202 430 1401 521 pejus
1446 443 1577 511 est,
1627 449 1840 517 quam
1890 427 2236 499 idolorum
2297 426 2496 498 cultu
2549 426 2773 518 pollui

276 519 606 601 ominem,
657 539 868 606 quem
918 518 1252 590 Dominus
1296 524 1474 590 Deus
1520 517 1797 599 creavit,
1834 516 2038 605 cujus
2064 516 2277 588 cause
2304 515 2640 606 dignatus
2671 527 2774 586 est

222 608 315 679 ud
362 620 578 680 terras
625 605 1061 684 descendere.
1114 620 1183 678 et
1230 607 1421 678 nasci
1467 627 1549 679 ex
1579 607 1881 698 Virgine,
1923 618 1993 676 et
2019 605 2405 687 humiliori,
2438 616 2506 675 ct
2544 605 2767 675 mori:

216 717 457 786 quem,
510 695 942 788 resurgendo
977 695 1073 766 ab
1098 695 1359 776 inseris,
1400 695 1744 778 relevavit,
1783 715 1943 766 cum
1975 706 2325 768 teneretur
2351 693 2772 765 constrictus

219 785 529 858 vinculis
575 797 1043 876 peccatorum,
1097 784 1309 856 idolis
1352 783 1699 858 serviens:
1752 797 1831 855 ut
1868 796 2162 867 erectus,
2202 803 2428 872 usque
2464 782 2553 852 ed
2592 781 2768 854 coeli

232 875 566 947 terminos
597 874 1020 945 eveheretur.
1059 897 1097 941 »

314 966 352 1052 ἐ
400 969 497 1037 θ.
549 961 881 1034 Claudius
915 963 1084 1033 haec
1129 962 1362 1033 omnia
1412 983 1573 1034 cum
1624 961 1881 1053 gaudio
1929 960 2343 1055 suscipiens,
2396 958 2567 1030 dixit
2614 959 2776 1049 CaJo

229 1053 614 1144 Episcopo:
665 1073 703 1119 α
750 1051 996 1122 Omnia
1041 1071 1219 1139 quae
1275 1051 1654 1142 praedicas,
1709 1049 1956 1121 faciam
2008 1050 2112 1120 vir
2174 1048 2769 1131 reverendissime,

228 1139 438 1212 modo
483 1161 568 1211 ne
617 1140 850 1230 petitio
888 1140 1285 1211 Diocletiani
1319 1141 1602 1230 Augusti
1635 1139 2039 1210 retardetur.
2088 1162 2123 1206 «
2159 1139 2365 1230 cajus
2395 1138 2776 1228 Episcopus

226 1230 374 1300 ait:
425 1252 466 1297 α
495 1235 593 1300 Tu
639 1228 850 1300 frater
891 1229 1090 1320 prius
1135 1228 1241 1299 sac
1286 1229 1471 1316 quod
1523 1250 1649 1301 nos
1698 1228 2021 1318 petimus,
2072 1241 2138 1299 et
2183 1227 2418 1297 omnia
2450 1226 2617 1297 fient
2650 1226 2777 1296 tibi

226 1318 411 1389 bona
438 1317 769 1409 precanti.
803 1341 844 1386 »
875 1317 1201 1389 Claudius
1232 1317 1628 1408 respondit:
1662 1338 1699 1384 «
1731 1315 2067 1407 Explicari
2119 1315 2289 1387 mihi
2322 1315 2556 1406 omnia
2595 1336 2777 1403 quae

230 1426 505 1480 servare
549 1407 837 1478 debeam
869 1461 885 1490 ,
945 1420 1012 1477 et
1057 1406 1306 1477 faciam
1351 1405 1534 1494 quod
1576 1405 1861 1496 jubetis.
1934 1406 2215 1476 Interim
2272 1420 2500 1476 tamen
2535 1458 2552 1486 ,
2603 1403 2774 1492 quid

226 1495 733 1587 expectandum
781 1494 871 1566 sit
918 1494 1333 1565 Diocletiano
1380 1500 1709 1587 Augusto,
1760 1494 2286 1586 quamprimum
2334 1494 2390 1564 si
2449 1492 2722 1563 nificate
2753 1547 2770 1573 ,

226 1598 310 1656 ut
338 1584 555 1656 sciam
593 1605 770 1673 quae
800 1583 887 1654 nd
925 1604 1084 1654 eum
1115 1604 1441 1674 responsa
1466 1583 1719 1655 referre
1746 1594 2077 1674 oporteat.
2107 1604 2148 1650 »
2169 1582 2372 1686 cajus
2453 1582 2777 1674 piscopus

226 1672 448 1744 dixit:
503 1701 529 1737 ι
565 1677 763 1745 Utere
793 1672 891 1743 mi
935 1671 1143 1743 frater
1185 1671 1477 1743 consilio
1535 1693 1687 1742 meo
1716 1725 1731 1752 ,
1786 1685 1852 1743 et
1895 1685 2042 1742 esto
2087 1671 2314 1742 fidelis
2363 1677 2517 1752 Deo,
2553 1682 2620 1741 et
2651 1692 2777 1772 age

229 1762 718 1854 poenitentiam
771 1773 1049 1852 propter
1085 1760 1319 1832 fusum
1354 1761 1571 1831 abste
1598 1759 2010 1851 sauguinem
2061 1772 2506 1840 sanctorum„
2552 1779 2777 1830 susci-

233 1852 527 1942 piasque
546 1850 997 1941 baptismum,
1025 1862 1090 1921 et
1114 1849 1345 1920 omnia
1371 1849 1904 1940 praestabuntur
1929 1849 2076 1919 tibi.
2100 1849 2210 1919 Sic
2232 1848 2418 1919 enim
2441 1848 2776 1918 Dominus

229 1953 467 2011 noster
505 1939 707 2010 lesus
750 1938 1062 2010 Christus
1108 1958 1235 2008 nos
1281 1937 1607 2029 dignatus
1656 1950 1759 2010 est
1816 1938 2231 2008 admonere:
2295 1942 2459 2009 Cum
2512 1938 2777 2007 stabitis

229 2039 390 2100 ante
409 2049 605 2119 reyes
628 2038 692 2099 et
712 2028 1077 2120 praesides,
1106 2029 1313 2098 nolite
1337 2029 1658 2130 sopitat-e,
1689 2027 2010 2119 quomodo
2039 2037 2160 2097 aut
2198 2027 2365 2119 quid
2402 2027 2782 2118 loquamini

225 2116 507 2208 (Mottlt.
539 2122 630 2206 x).
668 2118 809 2208 Eyo
856 2117 1035 2186 enim
1064 2116 1232 2187 dabo
1276 2117 1459 2191 vobis
1488 2138 1561 2187 os
1588 2126 1653 2187 et
1683 2117 2115 2220 sapimtiam,
2161 2117 2277 2184 cui
2302 2137 2433 2185 non
2460 2125 2778 2206 poterunt

227 2208 538 2278 resi-rcere
575 2216 637 2276 et
676 2205 1127 2277 contradicere
1151 2226 1372 2275 omnes
1399 2205 1778 2275 adversm-it
1803 2206 2008 2275 vestri
2036 2224 2074 2271 r
2101 2202 2348 2294 (Lucae
2373 2203 2537 2292 xxx).
2576 2203 2775 2276 Clau-

232 2294 399 2366 dius
434 2293 832 2386 respoudit:
887 2315 924 2360 «
959 2297 1126 2364 Cum
1174 2314 1338 2384 ergo
1384 2293 1810 2384 baptismum
1861 2313 2250 2384 percepero,
2312 2291 2779 2379 expiabuntur

230 2384 467 2455 omnia
513 2382 769 2455 scelera
814 2381 1043 2453 cordis
1075 2381 1250 2452 mei?
1278 2404 1319 2450 ι
1356 2381 1559 2472 Cajus
1605 2381 1984 2472 Episcopus
2024 2380 2235 2451 dixit:
2287 2402 2325 2448 α
2377 2381 2625 2452 Omnia
2661 2380 2773 2450 di-

232 2471 513 2543 luentur
560 2471 866 2544 facinore
901 2483 1066 2543 tua:
1120 2482 1195 2541 tu
1234 2482 1502 2543 tautum
1536 2469 1712 2553 vide,
1764 2484 1841 2542 ut
1888 2469 2181 2543 fideliter
2210 2467 2477 2540 credas.
2530 2491 2570 2537 »

320 2563 360 2650 5
402 2564 481 2633 2.
528 2560 783 2631 Eodem
832 2560 995 2631 hora
1066 2560 1255 2631 misit
1299 2582 1373 2631 se
1420 2564 1739 2633 Susanna
1797 2559 1884 2629 ed
1945 2559 2150 2650 pedes
2208 2558 2356 2659 Ceji
2403 2558 2771 2649 Episcopi,

231 2648 475 2722 dicens
517 2651 620 2720 ei:
672 2670 709 2717 ι
747 2649 1052 2730 Domine,
1110 2670 1230 2740 per
1274 2649 1618 2719 Christum
1671 2661 1735 2718 te
1779 2649 2092 2742 conjuro,
2124 2668 2210 2717 ne
2238 2646 2519 2718 differas
2552 2646 2779 2738 bspti-

229 2758 387 2809 zare
409 2759 596 2819 eum,
627 2737 745 2809 sed
780 2737 1038 2810 redime
1067 2758 1254 2808 eum.
1283 2757 1321 2804 ιι
1344 2737 1544 2829 Cajus
1570 2737 1952 2828 Episcopus
1981 2758 2053 2808 re
2188 2735 2358 2807 ndit:
2390 2758 2429 2804 «
2454 2740 2778 2807 Accurate

232 2824 697 2916 inquiramus,
754 2846 921 2897 num
976 2837 1109 2897 toto
1153 2825 1361 2897 corde
1409 2825 1568 2896 velit
1612 2825 1914 2896 credere.
1960 2847 1998 2894 ιι
2035 2830 2081 2896 C
2108 2824 2364 2896 nudius
2394 2824 2530 2895 ait:
2565 2847 2602 2893 «
2638 2829 2777 2916 Ego

229 2915 315 2986 ed
367 2928 662 2986 vestram
712 2914 1268 3006 pollicitationem
1318 2914 1547 2997 credo,
1598 2914 1659 2986 si
1707 2915 1940 2985 omnia
1985 2914 2156 2984 mihi
2196 2927 2472 3005 peccata
2508 2913 2779 2985 donan-

230 3017 369 3075 tur.
422 3025 463 3071 »
494 3004 699 3106 cajus
746 3004 1125 3095 Episcopus
1171 3002 1386 3075 dixit:
1424 3026 1462 3072 α
1495 3008 1574 3074 ln
1605 3004 1888 3074 nomine
1918 3003 2194 3075 Domini
2221 3008 2389 3074 Jesu
2419 3002 2667 3074 Christi
2714 3014 2782 3074 et

232 3094 349 3166 Dei
394 3092 907 3185 omnipotentis,
957 3092 1194 3163 omnia
1223 3092 1347 3163 tibi
1378 3105 1654 3183 peccata
1692 3092 2107 3163 relaxantur.
2146 3109 2185 3160 »
2215 3098 2385 3162 Tum
2421 3091 2671 3182 abjecit
2701 3113 2776 3164 se

230 3180 318 3253 ud
382 3180 593 3273 pedes
639 3180 783 3284 Caji
831 3179 1201 3272 Episcopi,
1249 3192 1316 3251 et
1377 3180 1696 3252 volutans
1754 3201 1950 3263 sese,
2012 3180 2360 3275 capitique
2423 3180 2777 3271 pulverem

230 3288 632 3363 aspergens,
675 3269 889 3341 dixit:
944 3292 983 3338 «
1016 3269 1298 3340 Domine
1330 3273 1530 3352 Deus,
1585 3268 1822 3340 lumen
1870 3281 2253 3352 aeternum,
2289 3270 2556 3340 remitte
2603 3268 2781 3339 mihi

232 3359 496 3442 omnia,
536 3379 714 3447 quae
743 3358 870 3430 feci
915 3356 1281 3429 adversum
1332 3371 1605 3431 sanctos
1653 3370 1852 3429 tuos:
1913 3358 2079 3446 quia
2125 3358 2445 3431 nesciens
2490 3355 2664 3429 feci:
2714 3370 2781 3429 et

231 3447 441 3530 idola,
497 3447 757 3536 quibus
799 3446 1142 3519 sacrificia
1184 3446 1407 3518 obtuli
1456 3446 1694 3529 miser,
1741 3447 1973 3518 inanis
2002 3460 2068 3518 et
2115 3466 2400 3537 vacuuS,
2444 3447 2777 3539 ignorans

231 3534 440 3610 colui.
495 3535 704 3627 Reple
753 3557 862 3607 me
911 3535 1132 3628 gratie
1182 3548 1321 3617 tua,
1385 3547 1465 3609 ut
1512 3536 1737 3606 sciant
1781 3557 2028 3607 omnes
2081 3534 2211 3606 filii
2268 3537 2404 3606 mei
2455 3548 2521 3607 et
2567 3556 2774 3617 uxor,

233 3625 416 3714 quod
469 3637 543 3696 tu
588 3624 814 3698 salvos
869 3623 1041 3697 facis
1102 3643 1345 3696 omnes
1391 3637 1745 3716 sperantes
1800 3625 1869 3694 in
1940 3639 2026 3696 te.
2074 3646 2111 3693 r
2161 3625 2344 3695 Fecit
2406 3645 2570 3717 ergo
2615 3645 2778 3695 eum

236 3715 441 3803 Cujus
489 3714 1087 3795 catechumenum,
1138 3725 1207 3783 et
1247 3734 1409 3783 cum
1461 3713 1871 3803 porrexisset
1922 3713 1988 3784 ei
2033 3712 2480 3794 medicinam,
2516 3712 2783 3785 dimisit

232 3821 418 3874 eum.
453 3801 580 3873 Ille
612 3802 897 3874 domum
947 3801 1252 3883 veniens,
1307 3801 1610 3873 narravit
1654 3802 1891 3873 omnia
1938 3801 2136 3873 uxori
2182 3823 2352 3872 suae
2384 3855 2400 3883 ,
2444 3800 2778 3890 quemad-

234 3890 519 3965 modum
570 3892 895 3985 precibus
943 3889 1213 3981 puellee
1260 3911 1345 3960 ne
1399 3890 1487 3961 tis
1531 3911 1699 3962 suae
1746 3890 1831 3959 ad
1881 3891 2174 3982 gretiam
2234 3890 2504 3961 Domini
2545 3910 2780 3960 acces-

237 3978 455 4051 sisset.
486 3981 667 4052 Uxor
694 4001 851 4050 vero
877 3979 1028 4071 ejus
1052 3978 1350 4070 Praeped
1382 4000 1520 4070 gna
1546 3979 1615 4050 id
1648 3978 1966 4060 audiens,
1996 3979 2198 4050 obstu
2305 3979 2380 4058 it,
2424 3979 2658 4065 aitque
2687 3977 2779 4048 ad

234 4064 475 4138 illum:
510 4091 550 4137 «
580 4068 752 4153 Quis
776 4081 842 4138 te
874 4069 1183 4139 hortatus
1213 4081 1339 4149 est,
1378 4079 1458 4139 ut
1496 4067 1588 4138 ita
1626 4066 1927 4138 faceres?
1951 4089 1991 4134 »
2017 4067 2184 4138 Clau
2237 4069 2347 4139 ius
2379 4065 2771 4158 respondit:

232 4176 274 4222 e
314 4157 517 4248 Cujus
563 4157 947 4249 Episcopus
990 4156 1198 4227 freter
1244 4177 1464 4237 meus,
1515 4169 1583 4227 et
1633 4155 1969 4228 Gabinius
2003 4154 2375 4248 presbyter,
2432 4168 2498 4225 et
2546 4154 2778 4247 puella

235 4244 454 4337 virgo,
496 4246 868 4341 praecipua
898 4246 970 4316 in
1005 4245 1337 4317 omuibus
1369 4266 1407 4312 ι
1452 4245 1511 4314 ⁴.

278 4356 312 4383 ⁴
336 4352 409 4398 Du
433 4350 622 4397 cattuso
650 4356 723 4397 vot
755 4354 1081 4397 admovent
1109 4355 1309 4398 teutmu-
1333 4354 1385 4396 tu
1416 4353 1702 4397 namt.
1728 4353 1948 4413 lut-um.
1983 4360 2062 4393 nx
2088 4352 2240 4398 Febr..
2269 4362 2314 4402 p.
2334 4352 2455 4394 tw.
2486 4372 2533 4386 ·-
2551 4354 2779 4404 σῖαυᾱίικ,

225 4409 812 4514 manao-hmine
827 4419 934 4453 cum
953 4408 1067 4452 nuta
1081 4409 1403 4452 memorentur
1420 4416 1534 4449 xwu
1556 4407 1719 4457 ejusde
1738 4407 1843 4449 vid·
1861 4416 1910 4456 p.
1929 4407 2050 4449 1⁸2⁸.
2074 4408 2142 4451 De
2170 4407 2217 4452 S.
2237 4407 2342 4457 Cou'o
2373 4407 2455 4458 Pp.
2475 4409 2655 4459 egimus
2682 4417 2779 4449 xxti
