3308 5004
229 360 382 428 AUG.
428 360 465 425 2
902 378 985 426 oz
1030 378 1086 427 s.
1138 379 1467 429 strnonso
1511 380 1582 428 ιι.
1630 381 1714 429 nn
1759 378 2013 431 amomo
2547 370 2632 436 67

292 466 441 552 ξὸ.
513 467 591 533 At
637 483 810 532 nova
881 485 1374 534 aerumnarum
1443 477 1811 556 tempestas
1884 470 2207 540 manebat
2254 469 2716 560 Alphonsum.

223 557 361 623 Nata
389 552 491 622 vix
536 553 1098 653 congregatione,
1133 553 1403 623 funesta
1448 554 1627 624 inter
1652 559 2128 648 *congregatos
2174 573 2404 629 exorta
2436 573 2539 631 est
2577 562 2722 632 dis-

219 642 433 724 sensio,
480 640 665 728 quod
721 640 841 710 alit
889 641 1045 712 aliis
1096 641 1317 712 modis
1365 643 1711 713 Ecclesiae
1772 645 1950 715 bono
2003 648 2519 719 inserviendum
2570 672 2722 722 esse

219 743 559 800 censerent.
614 728 794 800 Illud
846 729 1191 820 plerisque
1235 746 1379 801 erat
1425 731 1495 800 in
1550 733 1744 813 votis,
1800 745 1899 815 ut,
1952 756 2111 804 eum
2161 759 2516 808 sacrarum
2562 740 2722 810 Mis-

216 819 455 890 sionum
502 840 732 909 opere,
783 839 961 908 opus
1010 819 1471 890 instituendae
1525 821 1928 893 Juventutis
1974 825 2557 916 conjungeretur3
2610 829 2722 898 Al-

214 908 492 999 pbonsus
537 929 694 977 vero
763 930 972 978 suum
1035 908 1436 980 Institutum
1514 910 2070 1001 evangelizandis
2143 916 2568 1005 pauperibus
2619 936 2719 987 'ac

207 997 523 1086 spirituali
567 1017 696 1087 ope
746 997 1042 1066 maxime
1087 996 1431 1069 destitutis
1463 998 1669 1068 unice
1723 1000 2194 1092 mancipatum
2241 1003 2532 1075 volebat.
2588 1010 2721 1078 Ha-

206 1085 344 1156 bitis
385 1086 598 1177 igitur
645 1085 880 1155 multis
919 1084 1102 1155 ultro
1149 1086 1454 1174 citroque
1499 1089 2024 1172 controversiis,
2076 1113 2243 1160 cum
2287 1113 2411 1162 nec
2466 1094 2551 1164 de
2605 1100 2722 1164 In-

204 1176 395 1245 stituti
442 1195 673 1264 scopo,
727 1195 850 1243 nec
897 1173 982 1243 de
1019 1175 1398 1245 condendis
1430 1176 1712 1266 Regulis
1744 1178 2110 1248 consensio
2156 1180 2372 1262 fieret;
2416 1181 2718 1273 pusillus

203 1264 449 1333 tandem
499 1284 663 1354 grex
700 1261 808 1332 dis
861 1284 1059 1334 ersus
1104 1277 1227 1345 est,
1278 1278 1343 1335 et
1389 1277 1625 1334 sancto
1659 1265 2026 1336 Fundatori
2052 1267 2193 1337 duo
2241 1269 2464 1340 solum
2503 1272 2707 1353 Socii,

201 1356 258 1421 P.
299 1357 536 1422 Caesar
581 1356 817 1442 Sporte
851 1352 898 1421 li
943 1366 1008 1422 et
1047 1357 1115 1422 F.
1159 1354 1347 1424 Vitus
1394 1354 1672 1435 Curzio,
1738 1355 2109 1427 adhaerere
2159 1374 2709 1446 perseverarunt.

198 1442 383 1523 Quasi
423 1440 679 1532 gladio,
732 1440 869 1525 hac
891 1440 1336 1512 derelictione
1387 1442 1721 1532 Alphonsi
1788 1459 2027 1534 pectus
2077 1446 2533 1519 transfossum
2583 1462 2709 1520 est.

200 1530 306 1599 Ubi
353 1551 506 1600 vero
542 1551 649 1599 res
698 1529 767 1598 in
804 1529 1057 1621 vulgus
1102 1531 1471 1614 emanavit,
1508 1532 1764 1622 gaudio
1812 1534 2333 1624 triumpharunt
2382 1548 2715 1625 quotquot

195 1617 339 1688 buic
384 1619 706 1689 Instituto
752 1618 1318 1701 adversabantur,
1375 1641 1498 1690 nec
1554 1632 1701 1690 erat
1752 1622 1854 1690 eis
1892 1624 2326 1712 vituperandi
2378 1638 2582 1713 atque
2622 1628 2715 1696 ir-

192 1706 445 1778 ridendi
497 1708 658 1777 finis
704 1722 825 1777 aut
874 1708 1145 1778 modus,
1216 1708 1309 1777 Ad
1386 1709 1594 1790 haec,
1667 1714 1951 1780 Satanas
2020 1712 2254 1783 animo
2305 1714 2713 1785 Fundatoris

190 1798 431 1885 spissas
477 1795 878 1867 offundebat
919 1797 1269 1876 tenebras,
1323 1798 1811 1888 ingentemque
1867 1799 2142 1871 afflabat
2191 1802 2585 1884 tristitiam;
2649 1818 2718 1873 et

189 1905 263 1954 ne
305 1885 474 1974 quid
523 1885 781 1955 doloris
828 1886 1117 1965 abesset,
1175 1886 1319 1976 ipse
1352 1886 1642 1976 Falcoja‚
1675 1889 2135 1959 conscientiae
2183 1892 2368 1959 Servi
2421 1893 2539 1960 Dei
2570 1914 2717 1962 mo-

184 1972 461 2055 derator,
517 1995 678 2044 eum
726 1973 898 2043 dure
938 1974 1231 2044 habebat
1277 1996 1358 2044 ae
1404 1975 1716 2046 deserere
1763 1976 2144 2048 videbatur.
2183 1979 2276 2049 Ad
2321 1991 2548 2051 tantas
2589 2003 2715 2049 an-

185 2064 430 2151 gustias
478 2063 823 2143 redactus,
875 2084 1032 2131 cum
1084 2063 1264 2132 alius
1310 2064 1604 2151 quisque
1650 2065 1966 2136 animum
2006 2067 2512 2158 despondisset,
2566 2091 2716 2138 ma-

184 2153 582 2240 gnanimum
620 2151 747 2221 hoc
796 2152 1108 2241 concepit
1146 2151 1536 2241 Alphonsus
1565 2154 2018 2244 propositum,
2053 2156 2290 2226 addita
2336 2157 2543 2226 etiam
2579 2160 2714 2228 voti

183 2240 520 2332 religione,
565 2261 640 2310 se
680 2240 1012 2310 nimirum
1050 2262 1168 2331 per
1207 2252 1414 2311 totam
1450 2242 1656 2311 vitam
1702 2244 2125 2333 pauperibus
2152 2246 2715 2335 evangelizandis

180 2331 367 2400 unice
441 2329 1037 2410 allaboraturum,
1091 2329 1362 2399 etiamsi
1440 2329 1712 2400 nullum
1779 2354 2088 2419 unquam
2151 2335 2380 2422 operis
2442 2336 2713 2406 socium

181 2419 473 2488 nancisci
507 2430 758 2510 posset.
794 2417 1472 2575 Heroicaipromissio
1502 2441 1706 2488 suum
1733 2422 1960 2490 statim
1992 2424 2257 2513 accepit
2290 2425 2707 2513 praemium.

178 2510 325 2577 Nam
366 2522 433 2577 et
485 2506 751 2577 reddita
789 2521 889 2577 est
942 2508 1050 2576 Dei
1112 2508 1346 2578 amulo
1398 2511 1644 2578 mentis
1695 2510 2185 2597 tranquillitas;
2238 2524 2302 2582 et
2345 2514 2707 2595 Dominus,

179 2597 282 2682 qui
329 2596 775 2687 sperantibus
816 2596 886 2665 in
936 2618 1007 2666 se
1038 2609 1423 2686 opportune
1469 2595 1865 2679 auxiliatur,
1908 2621 2114 2669 novos
2156 2601 2218 2669 ei
2251 2601 2474 2670 socios
2525 2602 2714 2673 misit

180 2706 246 2753 ae
288 2685 823 2764 commilitones,
875 2707 1172 2772 quorum
1223 2687 1726 2776 perseverantia
1772 2687 2077 2757 dolorem
2149 2689 2369 2759 sancti
2410 2689 2578 2771 viri,
2632 2713 2713 2761 ex

176 2774 469 2861 priorum
513 2774 898 2843 desertione
945 2788 1380 2863 conceptum,
1436 2776 1722 2846 omnino
1779 2776 2122 2847 abstersit.
2179 2784 2270 2848 Ex
2332 2777 2516 2847 illoi
2572 2778 2711 2850 itur

175 2872 481 2952 tempore,
538 2861 826 2932 fundata
856 2863 1185 2932 remansit
1231 2875 1295 2934 et
1342 2864 1713 2935 constituta
1758 2866 2204 2956 congregatio
2256 2872 2358 2937 Ss.
2410 2872 2504 2938 Re
2560 2889 2708 2936 em-

175 2953 366 3039 ptoris
401 3008 417 3034 ‚
486 2973 655 3021 suos
703 2951 1035 3042 paulatim
1104 2975 1331 3022 ramos
1391 2953 1477 3022 ad
1545 2966 1882 3023 extremas
1928 2976 2151 3043 usque
2202 2969 2423 3026 terrae
2475 2970 2706 3046 partes

175 3053 555 3114 extensura.

244 3131 279 3216 ξ
321 3136 415 3202 8.
454 3130 763 3200 Instituti
802 3130 1244 3201 incunabulis
1276 3129 1446 3199 nihil
1482 3131 1770 3220 cogitari
1805 3143 2023 3220 potest
2062 3131 2425 3203 humilius.
2467 3134 2708 3203 Omniss

175 3218 356 3289 moda
393 3221 465 3289 in
524 3218 831 3290 Scalensi
888 3219 1094 3290 domo
1140 3232 1284 3290 erat
1343 3232 1737 3321 paupertas.
1794 3221 2158 3290 Deficiente
2205 3220 2650 3292 tabernaculo
2686 3278 2702 3304 ‚

174 3304 549 3396 Alphonsus
598 3313 713 3378 SS.
768 3313 1283 3379 Sacramentum
1339 3330 1407 3377 1n
1459 3309 1771 3378 arculam
1870 3331 2051 3379 anno
2113 3310 2529 3400 bombycino
2571 3311 2703 3380 vit-

175 3393 370 3483 tisque
418 3397 817 3468 decoratam
880 3398 1295 3478 incluserat;
1350 3419 1573 3484 neque
1638 3399 1710 3467 in
1780 3420 1816 3466 a
1857 3399 1982 3466 tari
2058 3396 2249 3467 aliud
2312 3400 2703 3469 ornamenti

245 3506 369 3555 nus
413 3486 977 3576 conspiciebatur
1023 3508 1231 3574 quam
1282 3508 1596 3556 rosarum
1668 3486 2276 3574 artificialiumque
2325 3487 2704 3558 ocellorum

194 3575 490 3646 asciculi.
524 3581 1009 3645 Verumtamen
1049 3575 1363 3645 coelestis
1403 3574 1744 3662 quaedam
1777 3576 2159 3647 amoenitas
2184 3575 2514 3666 exiguum
2550 3598 2707 3647 san-

173 3666 496 3754 ctuarium
534 3676 754 3734 totum
806 3663 1282 3755 perfundebat.
1338 3664 1441 3734 Ibi
1469 3664 1885 3755 AlphonsuS,
1926 3665 1995 3733 in
2026 3685 2258 3734 amore
2295 3671 2463 3736 Jesu
2507 3664 2713 3754 plane

175 3747 440 3835 defixus,
495 3764 734 3823 noctes
801 3774 973 3843 pene
1036 3753 1337 3844 integras
1384 3774 1617 3823 coram
1667 3758 1781 3823 SS.
1838 3758 2277 3823 sacramento
2327 3755 2711 3844 transigere

175 3837 427 3911 solebat.
481 3841 853 3933 Adjacebat
884 3841 1124 3912 domui
1171 3842 1507 3913 semiruta
1552 3842 1910 3931 spelunca,
1963 3864 2103 3930 quo
2152 3864 2223 3912 se
2269 3843 2372 3912 vir
2422 3854 2706 3913 sanctus

176 3924 543 4018 frequenter
590 3931 983 4020 recipiebat,
1040 3944 1364 4020 oraturus
1411 3953 1492 4000 ac
1548 3931 1722 4000 diris
1775 3953 1983 4001 suum
2032 3952 2288 4020 corpus
2338 3942 2706 4001 vexaturus

177 4020 537 4110 suppliciis.
592 4025 670 4090 ln
723 4019 841 4089 illo
882 4020 1053 4102 loco,
1089 4032 1164 4089 ut
1211 4020 1392 4089 fama
1441 4032 1589 4100 est,
1651 4020 1887 4090 multis
1960 4020 2348 4089 visionibus
2415 4020 2704 4109 Deipara

180 4105 346 4200 Virgo
392 4131 609 4179 suum
649 4107 992 4179 famulum
1041 4109 1264 4189 auxit,
1319 4108 1843 4199 splendidisque
1893 4120 2243 4177 maternae
2294 4108 2706 4179 benevolen-

181 4203 283 4264 ttae
316 4198 671 4269 favoribus
719 4198 1121 4268 cumulavit.
1183 4202 1336 4288 Ipse
1381 4198 1772 4288 Alphonsus
1835 4198 2064 4267 fassus
2111 4209 2234 4278 est,
2276 4197 2373 4266 ibi
2423 4219 2495 4266 se
2542 4219 2701 4267 cum

184 4278 389 4356 dilecta
435 4309 570 4357 sua
628 4293 835 4357 Matre
901 4286 1328 4357 consultasse
1391 4286 1476 4355 de
1527 4287 1613 4358 iis
1687 4308 1864 4374 quae
1924 4285 2010 4354 ad
2079 4288 2699 4377 congregationum

188 4388 560 4459 spectarent.
595 4382 818 4459 Quare
854 4376 1375 4466 jucundissima
1421 4376 1556 4465 ipsi
1606 4397 1880 4466 semper
1925 4374 2056 4445 fuit
2090 4373 2279 4445 illius
2327 4376 2702 4466 speluncae

190 4465 556 4547 recordati03
588 4477 654 4537 et
695 4467 965 4555 quoties
1005 4465 1273 4538 Scalam
1324 4464 1859 4556 regrediebatur,
1898 4465 2095 4536 toties
2129 4487 2278 4536 eam
2326 4465 2686 4547 invisebat,
