3308 5004
112 330 299 396 AUG.
354 329 439 397 30
987 348 1066 396 on
1114 349 1171 397 s.
1227 350 1388 399 nosA
1435 349 1603 397 vnto.
1658 350 1789 398 Lm.
2450 334 2578 401 757

108 432 470 504 concessit.
524 431 865 504 Diurnum
913 433 1101 503 enim
1142 447 1702 523 nocturnumque
1733 448 2006 526 tempus
2037 434 2137 505 sic
2171 433 2657 521 distribuebat,

109 533 295 593 utex
326 534 621 610 utroque
657 520 1024 593 duodecim
1055 522 1360 615 integras
1408 524 1614 594 horas
1664 523 1959 594 orationi
2005 536 2365 614 seponeret
2401 580 2417 607 ,
2492 525 2667 598 alias

107 610 342 682 decem
394 610 616 681 labori
685 632 1023 681 manuum
1081 632 1220 700 quo
1265 626 1585 704 parentes
1633 624 2095 694 sustentaret,
2167 611 2659 705 impendebat,

109 699 414 789 reliquas
461 700 638 771 duas
682 697 874 771 brevi
920 699 1139 788 quieti
1185 722 1566 791 somnoque
1610 701 2010 792 deputabat.

197 792 408 878 518.
445 786 799 859 Aemulata
825 802 1221 861 sanctorum
1251 792 1827 862 anachoretarum
1851 811 2165 862 secessus
2188 792 2313 879 qui
2346 790 2416 861 in
2451 794 2667 864 eremi

109 877 484 949 solitudine
532 876 880 947 Christum
929 879 1298 949 Dominum
1335 893 1763 971 receperunt,
1795 878 2025 950 adhuc
2055 878 2288 950 infans
2320 880 2663 953 solitarios

108 967 299 1038 domi
345 966 647 1058 angulos
691 967 1087 1054 quaerebat,
1142 967 1532 1058 puellarum
1573 990 1801 1059 nugas
1848 967 2149 1059 fugienS,
2198 981 2276 1038 ut
2323 968 2468 1039 sola
2500 993 2663 1041 cum

109 1062 245 1127 Deo
293 1077 422 1128 suo
471 1054 923 1126 delitesceret.
979 1055 1489 1127 Grandiuscula
1536 1078 1616 1127 ex
1665 1057 2020 1127 umbrosis
2068 1055 2397 1128 arborum
2448 1060 2662 1130 ramis

105 1145 555 1216 oratoriolum
595 1166 760 1214 cum
808 1143 1126 1216 altariolo
1174 1146 1581 1228 construxit,
1635 1144 1723 1215 ad
1772 1144 2112 1234 illudque,
2166 1167 2207 1216 a
2255 1151 2495 1218 mensa
2528 1159 2594 1217 et
2623 1170 2665 1218 a

106 1232 361 1304 lectulo
395 1255 738 1322 surgens,
792 1244 869 1309 ut
915 1231 1002 1304 ad
1064 1233 1309 1304 orandi
1370 1233 1642 1325 asylum
1717 1234 2153 1326 properabat.
2214 1235 2664 1308 Proverbium

102 1334 297 1393 erat:
349 1327 636 1393 Hortum
683 1321 912 1403 adeas,
962 1323 1028 1393 si
1068 1327 1391 1393 Rosulam
1435 1325 1734 1416 quaeris.
1790 1325 1981 1395 Domi
2021 1324 2088 1394 in
2139 1323 2468 1395 cubiculo
2517 1324 2665 1395 sola

104 1413 178 1481 in
228 1411 538 1482 oratione
586 1410 1054 1501 pernoctabat.
1109 1412 1344 1483 Exitus
1390 1433 1429 1482 e
1475 1412 1682 1483 domo
1717 1468 1732 1495 ‚
1787 1412 2029 1504 poenis
2076 1412 2283 1483 etiam
2324 1413 2456 1483 sibi
2486 1468 2503 1494 ,
2556 1413 2661 1484 vel

103 1502 180 1570 in
223 1500 395 1590 pede
428 1521 614 1579 saxo,
661 1498 765 1567 vel
800 1500 872 1568 in
926 1499 1149 1570 oculis
1183 1501 1712 1572 mordacissimo
1752 1503 1990 1593 pipere
2036 1500 2291 1580 indico,
2352 1502 2662 1579 inflictis,

105 1589 388 1670 vitabat,
448 1586 877 1659 tolerabilius
920 1588 1251 1678 judicans
1303 1591 1707 1671 excaecari,
1764 1612 1973 1679 quarn
2032 1591 2367 1676 vanitates
2405 1590 2669 1662 saeculi

104 1700 271 1769 pros
326 1679 524 1747 icere.
578 1681 707 1746 Pro
735 1677 1015 1747 arctiori
1054 1700 1355 1761 recessu,
1396 1700 1532 1751 non
1574 1679 1724 1749 sine
1766 1682 2019 1769 magna
2050 1679 2259 1761 lucta,
2295 1692 2361 1750 et
2397 1680 2669 1769 praevio

107 1767 287 1836 mira
339 1766 414 1835 ili
462 1777 726 1836 ostento
774 1767 1104 1856 Deiparae
1149 1779 1218 1838 et
1270 1768 1468 1858 pueri
1522 1775 1690 1838 Jesu
1719 1823 1735 1850 ,
1784 1768 1856 1837 in
1905 1767 2329 1838 sanctissimi
2396 1769 2668 1839 Rosarii

105 1855 384 1935 sace110,
439 1853 713 1924 tandem
749 1855 1047 1926 obtinuit
1084 1878 1122 1926 a
1182 1869 1398 1927 matre
1447 1857 1519 1926 in
1572 1870 1876 1927 extremo
1915 1856 2098 1926 horti
2143 1856 2405 1948 angulo
2453 1857 2707 1927 cellu·'

107 1944 274 2025 lam,
312 1943 436 2014 ubi
475 1965 609 2012 non
644 1942 867 2013 solum
913 1966 1249 2015 manuum
1294 1944 1536 2027 labori,
1590 1944 1711 2016 sed
1753 1945 2190 2037 potissimum
2239 1944 2669 2017 collectionis

106 2031 402 2123 spiritus
445 2043 512 2101 et
557 2031 1075 2123 contemplandi
1124 2034 1354 2105 studio
1400 2046 1694 2117 vacaret,
1736 2046 2001 2105 tantum
2045 2033 2141 2104 ibi
2173 2033 2399 2104 solum
2441 2035 2669 2107 inesse

105 2121 317 2212 spatii
366 2120 700 2211 gaudens,
739 2135 1076 2209 quantum
1110 2121 1243 2192 sibi
1276 2135 1342 2193 et
1380 2144 1635 2215 sponso
1674 2122 1946 2194 coelesti
2000 2121 2366 2193 sufficeret.

199 2211 236 2298 ξ
284 2216 427 2283 14.
483 2216 558 2280 In
611 2210 741 2279 hac
790 2209 971 2280 felici
1020 2212 1250 2282 eremo
1298 2213 1739 2285 ascensiones
1787 2211 1858 2280 in
1910 2210 2115 2281 corde
2164 2233 2291 2281 suo
2341 2210 2665 2302 dispone-

96 2299 252 2381 bat,
306 2311 372 2368 et
400 2320 613 2388 supra
660 2319 733 2368 se
778 2298 1061 2381 elevata,
1116 2300 1478 2371 videbatur
1512 2299 1742 2392 potius
1790 2314 1977 2370 extra
2015 2320 2294 2390 corpus,
2346 2322 2557 2388 quam
2594 2300 2666 2369 in

97 2409 398 2479 corpore
429 2388 697 2477 degere.
755 2388 893 2458 Sub
929 2389 1156 2479 specie
1204 2388 1443 2460 stellae
1477 2388 1802 2475 probatae
1836 2387 2278 2490 perfectionis
2314 2403 2669 2459 matronae

105 2477 182 2547 in
227 2477 379 2549 visu
418 2476 777 2569 apparuit;
820 2476 1074 2548 civitati
1110 2478 1295 2548 enim
1336 2482 1625 2568 Regum,
1662 2476 1891 2564 qualis
1916 2476 2174 2548 dicitur
2200 2477 2416 2553 Lima.
2457 2500 2687 2555 suum.

103 2567 495 2637 debebatur
542 2566 777 2654 sydus,
832 2567 1013 2653 quod
1058 2567 1143 2636 ad
1184 2566 1526 2637 Christum
1570 2567 1942 2637 Dominum
1982 2587 2211 2657 regem
2248 2588 2318 2636 re
2423 2590 2489 2637 m
2524 2567 2666 2637 dux

101 2668 308 2725 esset.
367 2655 707 2725 Divinitas
772 2668 1211 2747 prospectum
1261 2656 1392 2724 suit
1451 2666 1530 2725 ut
1588 2654 1688 2724 ibi
1738 2653 2050 2725 residens
2111 2676 2316 2745 comp
2348 2678 2510 2725 ures
2558 2655 2666 2725 di-

101 2755 366 2813 stantes
400 2745 642 2814 Missas
676 2744 944 2814 audiret
991 2745 1408 2832 videretque,
1449 2764 1582 2815 non
1636 2765 1839 2814 secus
1887 2765 1966 2812 ac
2016 2744 2073 2812 si
2131 2765 2419 2834 corpore
2466 2766 2666 2835 prae-

101 2853 269 2902 sens
316 2831 578 2904 fuisset.
633 2834 994 2902 Innumeri
1042 2833 1300 2904 culices
1349 2832 1530 2903 hanc
1581 2832 2140 2903 anachoreticam
2198 2832 2524 2904 cellulam
2562 2832 2665 2902 in-

102 2918 407 3001 trabant,
463 2942 586 2990 nec
634 2933 860 2990 tamen
898 2922 1003 2992 vel
1036 2944 1221 2991 unus
1247 2920 1379 2991 fuit
1409 2920 1531 3007 qui
1560 2942 1714 2990 eam
1747 2920 2094 2991 morderet
2118 2935 2239 2991 aut
2268 2922 2657 3012 attingeret,

99 3021 254 3078 esto
300 3009 501 3077 etiam
556 3008 914 3100 religiosas
977 3032 1307 3100 personas
1373 3009 1778 3080 accedentes
1842 3009 2184 3080 hostiliter
2233 3010 2657 3081 invaderent.

98 3097 526 3188 Hujusmodi
559 3097 884 3169 bestiolas
930 3098 1015 3167 ad
1071 3098 1185 3168 Dei
1234 3098 1476 3169 laudes
1525 3120 1649 3190 pro
1699 3120 1826 3169 suo
1862 3098 2144 3168 modulo
2190 3099 2663 3189 personandas

98 3188 203 3258 sic
256 3186 587 3256 incitabat
623 3198 688 3257 et
730 3186 1139 3256 mirabiliter
1193 3188 1492 3278 regebat,
1546 3199 1624 3257 ut
1674 3193 1851 3259 Rosa
1906 3209 2115 3278 prope
2164 3188 2476 3289 attigisse
2527 3189 2659 3258 im-

99 3275 380 3378 perium
438 3279 646 3345 statui
700 3276 1137 3346 innocentiae
1184 3288 1631 3358 reservatum,
1684 3291 1750 3346 et
1796 3277 1867 3345 in
1918 3279 1997 3345 ea
2048 3275 2424 3346 solitudine
2476 3277 2664 3347 velut

97 3387 170 3433 ιη
228 3363 552 3454 paradiso
601 3363 856 3433 morari
907 3365 1322 3435 crederetur.
1378 3370 1455 3434 In
1509 3364 1728 3455 hujus
1777 3364 2112 3456 tugurioli
2170 3387 2447 3437 recessu
2497 3389 2658 3436 cum

96 3452 252 3524 sola
286 3466 453 3534 erat,
510 3464 630 3522 aut
676 3475 717 3521 a
766 3453 1041 3524 nemine
1090 3475 1160 3525 se
1207 3454 1554 3524 observari
1592 3453 1919 3546 putabat,
1965 3456 2269 3525 tenerius
2319 3453 2530 3525 simul
2581 3477 2661 3524 ac

98 3541 398 3612 liberius
449 3543 676 3631 prosa,
732 3563 978 3624 versu,
1031 3541 1394 3631 colloquiis
1442 3555 1507 3613 et
1551 3555 1765 3614 cantu
1813 3543 1882 3611 in
1944 3541 2288 3614 solemnes
2346 3565 2663 3632 quasque

94 3630 453 3721 seraphici
500 3629 759 3700 amoris
809 3631 1048 3703 laudes
1096 3631 1501 3723 erumpebat
1547 3654 1626 3703 eo
1676 3631 2049 3702 fervoreet
2099 3632 2363 3724 impetu
2426 3645 2503 3702 ut
2541 3653 2663 3701 au-

94 3720 448 3790 dientium
498 3719 705 3789 corda
763 3719 848 3789 ad
914 3721 1318 3791 charitatem
1367 3729 1433 3790 et
1496 3720 2103 3812 compunctionem
2171 3721 2190 3791 i
2246 3742 2417 3791 nara
2472 3742 2664 3790 com-

96 3822 452 3879 moveret..
482 3814 575 3879 Ex
622 3808 775 3910 ipsa
821 3808 1040 3879 divini
1087 3811 1343 3880 amoris
1392 3810 1612 3900 ignita
1662 3810 1985 3901 pharetra
2026 3809 2190 3896 jacu
2219 3809 2477 3880 atorias
2522 3807 2664 3879 col-

97 3900 364 3989 legerat
415 3898 972 3988 precatiunculas
1008 3953 1023 3980 ,
1075 3921 1252 3988 quae
1304 3898 1697 3990 legentibus
1747 3898 2068 3991 placuere
2123 3911 2189 3969 et
2242 3897 2480 3968 multis
2526 3921 2665 3968 usu

97 3985 538 4077 profuerunt.
592 3987 715 4057 His
765 3986 1246 4078 interpellabat
1292 4010 1532 4059 verum
1595 3992 1805 4058 Deum
1871 4001 1939 4058 et
1995 4009 2329 4078 sponsum
2391 3987 2664 4057 animae

97 4096 298 4154 suae,
354 4074 680 4145 laetitiam
731 4076 962 4146 cordis
1009 4078 1143 4156 sui,
1199 4099 1278 4146 ac
1332 4076 1913 4168 benignissimum
1964 4076 2208 4146 Jesum
2266 4097 2502 4146 amore
2544 4075 2663 4145 illo

99 4161 610 4254 perfectissimo
640 4220 656 4247 ,
708 4186 846 4252 quo
894 4165 1103 4235 simul
1155 4166 1463 4235 universi
1510 4167 1694 4235 cives
1740 4165 2046 4256 empyrei
2094 4165 2273 4234 eum'
2305 4164 2428 4234 dili
2487 4177 2656 4247 unt,

96 4273 174 4323 sc
215 4253 539 4341 prosequi
566 4266 633 4323 et
662 4252 980 4325 consumi
1017 4267 1150 4324 toto
1179 4253 1384 4324 corde
1416 4253 1945 4345 protestabatur.
1992 4254 2411 4324 Adventante
2502 4253 2662 4344 ujus

95 4340 215 4410 sui
259 4338 488 4410 dilecti
549 4343 620 4412 in
675 4342 1067 4414 Bethlehem
1120 4342 1389 4424 Natali,
1442 4365 1600 4413 cum
1652 4365 1812 4413 eum
1868 4343 2232 4432 parvulum
2285 4355 2352 4414 et
2392 4343 2660 4412 nudum

93 4450 269 4502 cum
324 4427 524 4520 inope
574 4445 790 4501 matre
838 4431 1466 4521 contemplaretur,
1523 4431 1791 4522 piorum
1843 4427 2132 4523 operum
2187 4431 2530 4523 singulari
2583 4453 2662 4500 ac
