3308 5004
704 333 834 399 372
1269 351 1349 399 na
1394 351 1451 399 s.
1502 350 1837 401 amaran
1884 351 2212 402 suession.
2265 348 2467 400 ausc.
2833 332 3015 399 AUG.
3075 332 3161 398 ⁴5

618 436 821 507 latuit
839 434 1257 506 Viennenses
1277 436 1430 525 ejus
1466 434 1652 507 fama
1688 436 2062 528 praeclara,
2099 436 2504 525 collectique
2531 437 2602 506 in
2632 455 2883 517 unum,
2919 446 3165 506 mutuo

619 545 694 594 se
723 523 1201 606 hortabantur,
1236 537 1314 595 ut
1367 524 1568 595 illum
1613 525 1679 595 vi
1727 538 2075 618 caperent,
2135 546 2438 614 suaeque
2472 524 2672 596 urbis
2698 524 3169 614 Archiepisco—

620 635 789 713 pum
823 624 1158 683 crearent.
1180 614 1479 684 Vacabat
1509 614 1694 684 enim
1738 626 1887 686 tum
1917 614 2327 686 Viennensis
2359 612 2578 684 sedes.
2607 613 2736 684 Sed
2770 613 2893 684 ubi
2925 633 3168 684 rumor

619 700 740 770 ille
776 701 1010 793 spargi
1042 702 1287 804 coepit,
1322 703 1428 771 vir
1467 702 1582 773 Dei
1604 724 1643 773 e
1674 703 1933 776 finibus
1955 725 2199 774 eorum
2283 724 2520 795 ropere
2547 702 2861 783 excessit,
2898 701 2980 771 ad
3007 722 3167 771 eam

618 790 1062 861 excolendam
1114 811 1411 873 vineam,
1477 792 1889 882 animasque
1946 813 2195 885 pascen
2252 813 2329 862 as
2376 791 2734 873 festinans,
2790 812 2965 880 quae
3012 790 3167 882 ejus

618 899 828 949 curae
866 878 1254 969 special-iter
1288 881 1703 953 commissae
1739 893 1958 953 erant.

704 969 745 1055 ξ
802 971 969 1039 82.
1014 969 1468 1039 constituerat
1502 982 1730 1040 autem
1757 972 1863 1041 vir
1888 983 2171 1041 sanctus
2193 969 2628 1050 Cluuianum,
2664 966 3161 1037 monachorum

617 1054 978 1127 devotione
1026 1059 1484 1149 conspicuum
1544 1060 1981 1143 coenobium,
2043 1059 2224 1129 clam
2287 1057 2741 1147 perlustrare:
2802 1055 2922 1127 sed
2981 1055 3168 1125 fama

619 1144 892 1217 virtutis
930 1167 1185 1228 comes,
1227 1167 1361 1216 non
1412 1148 1727 1237 permisit
1771 1170 1931 1219 eum
1994 1148 2226 1218 latere.
2266 1152 2575 1234 Namque
2628 1144 2853 1215 Abbas
2898 1148 3100 1236 Hugo
3134 1146 3167 1177 ⁴
3242 1160 3245 1165 ·

616 1233 725 1302 vir
753 1235 1170 1326 cumprimis
1210 1235 1599 1326 religiosus,
1632 1237 1787 1328 ejus
1818 1249 2170 1328 comperto
2215 1235 2540 1316 adventu,
2602 1233 2888 1305 collecto
2925 1254 3166 1304 mona·

615 1321 909 1393 chorum
949 1325 1273 1405 exercitu,
1338 1324 1714 1395 admodum
1780 1326 2157 1396 honorifice
2213 1325 2277 1395 ei
2336 1325 2611 1394 obviam
2674 1323 3051 1413 processit,
3105 1334 3166 1392 et

616 1432 780 1481 cum
843 1411 1059 1482 multa
1112 1413 1547 1483 veneratione
1598 1435 1759 1485 eum
1799 1416 2085 1505 excepit,
2157 1435 2295 1484 non
2346 1414 2493 1504 jam
2554 1424 2834 1513 propter
2891 1411 3166 1501 Episco-

621 1511 886 1589 patum,
929 1522 1141 1588 quam
1205 1502 1582 1593 superioris
1620 1503 1799 1573 vitae
1854 1504 2120 1585 merita,
2175 1502 2312 1593 ipsi
2352 1523 2487 1571 non
2548 1511 2808 1592 ignota.
2872 1499 3167 1570 Sedulus

619 1599 851 1658 autem
880 1590 1266 1680 explorator
1301 1612 1461 1661 eum
1500 1591 1644 1663 illic
1680 1604 2071 1662 manentem
2119 1590 2412 1672 obsedit,
2460 1610 2597 1658 non
2627 1609 2708 1659 ex
2740 1588 3159 1669 curiositate,

619 1676 740 1746 sed
771 1690 1047 1749 sanctae
1084 1679 1441 1750 charitatis
1493 1679 1778 1761 fervore,
1812 1702 1849 1751 e
1898 1679 2275 1785 Scripturis
2331 1679 2770 1767 quaestiones
2818 1678 2883 1747 ‘ei
2919 1698 3166 1767 propo-

620 1786 818 1848 nens,
861 1788 1242 1854 earumque
1291 1768 1670 1839 solutiones
1722 1768 1810 1838 ab
1846 1791 1964 1840 ore
2001 1792 2157 1859 eJus
2188 1768 2519 1838 eliciens:
2582 1780 2661 1837 ut
2714 1767 2843 1837 hac
2905 1766 3166 1835 ratione

620 1868 853 1945 posset
882 1877 1317 1947 cognoscere,
1370 1868 1605 1927 utrum
1651 1870 2014 1950 promptus
2059 1869 2237 1928 esset
2297 1856 2385 1927 ad
2445 1855 2851 1947 proferenda
2908 1854 2996 1925 de
3033 1855 3167 1925 the·

619 1964 828 2013 sauro
856 1965 983 2014 suo
1023 1965 1196 2014 nova
1226 1956 1292 2015 et
1325 1957 1573 2026 vetera,
1616 1968 1702 2016 ne
1728 1947 2103 2017 commissa
2150 1946 2250 2016 illi
2286 1945 2603 2027 ecclesia,
2647 1945 2903 2026 minuS‚
2956 1963 3163 2031 quam

620 2052 749 2121 par
775 2044 977 2114 esset,
1023 2033 1317 2125 spiritali
1347 2034 1661 2105 doctrina
1705 2034 2025 2105 aleretur.
2063 2035 2369 2123 Denique
2402 2033 2471 2103 id
2522 2032 2684 2104 inde
2721 2046 3162 2104 consecutum

619 2131 746 2203 est,
784 2134 863 2190 ut
898 2143 1103 2209 quem
1151 2124 1308 2214 pius
1341 2123 1564 2194 Abbas
1595 2128 1797 2216 Hugo
1829 2124 1972 2195 zelo
2015 2124 2371 2194 charitatis
2417 2122 2699 2192 idiotam
2736 2135 2799 2192 et
2829 2133 3159 2214 agrestem

617 2230 770 2280 esse
816 2223 1014 2282 antea
1047 2212 1515 2301 pertimuerat,
1553 2233 1713 2282 eum
1746 2213 2100 2284 doctrinae
2129 2212 2473 2283 fructibus
2511 2210 2891 2292 abundare,
2928 2222 2996 2285 et
3028 2231 3164 2281 ora-

619 2298 789 2368 toris
836 2298 1163 2370 facundia
1220 2322 1353 2370 non
1428 2300 1865 2372 mediocriter
1921 2301 2202 2393 pollere,
2248 2321 2383 2371 non
2438 2300 2588 2371 sine
2648 2299 2864 2370 multo
2917 2298 3161 2390 gaudio

616 2400 937 2478 expertus
966 2389 1076 2459 sit.
1116 2389 1304 2459 Libet
1346 2401 1572 2459 autem
1626 2392 1780 2482 eJus
1813 2391 2124 2483 Hugonis
2172 2390 2274 2459 vel
2311 2389 2792 2460 brevissimam
2849 2388 2981 2458 hoc
3028 2388 3158 2458 loco

620 2476 978 2548 historiam
1041 2479 1384 2549 inserere:
1460 2480 1611 2550 Fuit
1657 2501 1942 2572 corpore
1995 2492 2062 2550 et
2100 2480 2335 2549 animo
2382 2478 2838 2559 castissimuS,
2880 2475 3163 2548 eleemo-

624 2567 821 2725 s3⁷nis
856 2578 922 2638 et
957 2569 1252 2638 orationi
1306 2568 1564 2659 jugiter
1600 2570 1910 2640 intentus
1947 2582 2015 2639 et
2067 2568 2418 2650 addictuS,
2479 2567 2900 2637 monasticae
2962 2565 3162 2637 disci-

619 2677 667 2747 p
700 2656 855 2725 inae
883 2667 1115 2727 custos
1168 2669 1234 2727 et
1275 2670 1626 2748 promotor
1676 2658 2246 2737 instantissimus,
2293 2656 2747 2748 perfectorum
2805 2655 3164 2726 monacho·

618 2766 777 2815 rum
813 2758 879 2815 et
910 2766 1364 2836 personarum
1417 2747 1881 2818 ecclesiastico
1931 2746 2147 2816 cultui
2214 2746 2619 2816 idonearum
2682 2744 2980 2814 nutritor
3021 2764 3164 2836 per-

622 2845 894 2925 petuuS,
936 2847 1213 2905 sanctae
1246 2833 1586 2905 Ecclesiae
1625 2847 2030 2927 procurator
2065 2846 2133 2904 et
2164 2845 2581 2936 propagator
2621 2832 2793 2902 mire
2817 2831 3110 2902 fervenS.

707 2924 935 3010 §84
999 2922 1396 3015 occupabat
1429 2937 1574 2994 tum
1628 2924 1860 2995 sedem
1919 2923 2363 2994 Suessionum
2406 2922 2525 2992 ille
2584 2941 2722 2990 non
2781 2921 3023 2993 matris
3057 2925 3164 2991 Ec·

619 3009 873 3081 clesiae
902 3011 1259 3094 electione,
1296 3011 1412 3082 sed
1453 3012 1692 3104 palatii
1739 3015 1900 3104 jure
1937 3012 2321 3103 Episcopus
2356 3011 2589 3092 Ursio,
2641 3010 2949 3081 Gervasii
3005 3007 3162 3101 regii

619 3097 916 3189 dapiferi
969 3121 1345 3191 germanus
1402 3101 1612 3172 frater
1641 3157 1657 3184 ,
1721 3103 2187 3189 utebaturque
2246 3100 2520 3170 interim
2576 3099 2788 3169 rebus
2824 3098 3161 3190 Episcopi,

622 3185 840 3258 fretus
886 3189 1092 3278 Regis
1148 3188 1414 3272 favore,
1480 3212 1688 3279 quem
1759 3191 1822 3261 ei
1878 3190 2086 3260 frater
2156 3189 2582 3260 conciliarat.
2648 3187 2960 3257 Venienti
3015 3209 3091 3258 er

618 3274 976 3367 Amulpho
1042 3278 1402 3368 Episcopo,
1462 3290 1529 3350 et
1593 3279 2043 3350 Suessionum
2106 3279 2346 3349 urbem
2416 3276 2688 3369 ingredi
2745 3276 3049 3360 volenti,
3146 3284 3168 3342 t

618 3363 867 3434 obvius
906 3366 1272 3436 Gervasius
1318 3389 1479 3437 cum
1537 3369 1743 3438 turba
1795 3379 2245 3449 armatorum,
2281 3380 2646 3454 monetque
2701 3387 2904 3448 eum,
2977 3386 3065 3435 ne
3101 3363 3165 3432 in

622 3452 968 3522 civitatem
1007 3454 1236 3536 intret,
1283 3455 1417 3526 nisi
1459 3456 1633 3525 mori
1668 3455 1849 3526 velit.
1897 3457 1972 3527 Ei
2004 3457 2112 3526 vir
2160 3456 2279 3527 Dei
2319 3466 2715 3526 constanter
2757 3453 3162 3545 respondet:

623 3562 663 3608 «
689 3542 1052 3631 Apostolus
1085 3544 1396 3614 Joannes
1433 3543 1624 3624 dicit,
1673 3545 2044 3637 perfectam
2078 3544 2480 3615 charitatem
2533 3542 2720 3613 foras
2766 3543 3040 3614 mittere
3089 3541 3164 3610 ti·

624 3651 912 3700 morem.
948 3636 1026 3702 Et
1054 3633 1221 3720 quia
1284 3634 1461 3703 milti
1514 3635 1735 3705 vivere
1776 3636 2080 3708 Christus
2138 3645 2255 3715 est,
2313 3644 2378 3705 ct
2420 3634 2598 3703 mori
2648 3635 2951 3713 lucrum,
3016 3631 3167 3702 obe·

619 3718 954 3790 dientiam
985 3734 1348 3812 praecepto
1373 3723 1763 3812 Apostolico
1820 3723 1990 3794 mihi
2032 3723 2418 3812 injunctam
2472 3720 2764 3811 implere
2832 3722 3160 3798 conabor,

622 3827 709 3879 ne
741 3809 801 3879 si
833 3829 968 3879 non
1003 3810 1346 3893 obediam,
1411 3833 1452 3881 a
1481 3813 1769 3883 Domino
1833 3833 2099 3882 merear
2138 3811 2515 3903 reprobari.
2570 3811 2832 3880 Habeat
2895 3831 3015 3879 me
3041 3813 3163 3905 1)οῑ

625 3897 864 3969 minus
919 3903 1095 3968 Deus
1134 3912 1254 3971 aut
1317 3911 1721 3990 martyrem,
1779 3901 1840 3970 si
1909 3899 2330 3972 interficior:
2394 3909 2514 3970 aut
2569 3899 3060 3980 confessorem,
3113 3914 3160 3993 s!

622 3987 863 4057 evado.
905 3989 1221 4060 Charitas
1256 3988 1443 4058 enim
1503 3990 1760 4061 Christi
1802 3999 2002 4081 urget
2038 4011 2221 4060 nos.»
2274 3992 2376 4059 Ita
2430 3988 2696 4071 dicens,
2748 3987 3012 4058 animal
3060 4004 3165 4056 cui

621 4074 992 4161 insidebat,
1042 4089 1245 4180 urget
1288 4077 1708 4160 calcaribus,
1763 4090 1843 4149 ut
1887 4098 2103 4169 ocyus
2151 4099 2224 4148 se
2270 4078 2341 4147 in
2391 4077 2637 4149 urbem
2686 4077 2998 4169 recipiat.
3043 4069 3162 4146 Sed

624 4166 993 4237 Gervasius
1050 4167 1301 4258 injecta
1349 4188 1566 4237 manu
1613 4168 1686 4235 in
1734 4165 2053 4239 fraenum
2101 4166 2427 4258 jumenti,
2473 4166 2649 4237 illud
2698 4188 2861 4238 cum
2912 4180 3164 4262 sessore

629 4254 960 4337 retrahit,
1028 4256 1350 4348 cogitque
1396 4255 1842 4327 retrocedere.
1895 4261 2066 4326 Tum
2118 4257 2225 4325 vir
2285 4256 2405 4326 Dei
2451 4255 2680 4326 statim
2740 4256 2947 4327 cessit
2989 4255 3164 4342 obst·

627 4342 877 4412 stenti:
915 4353 1121 4432 atque
1144 4346 1262 4427 ita,
1292 4357 1631 4433 quantum
1669 4345 1887 4429 licuit,
1922 4344 2352 4417 obedientiae
2382 4343 2790 4417 mandatum
2831 4340 3157 4437 implevit,

683 4467 712 4496 ⁸
737 4470 807 4513 De
826 4478 883 4512 eo
901 4467 1086 4519 Satius.
1103 4470 1207 4515 Vol.
1225 4480 1294 4520 xv.
1317 4481 1365 4523 p.
1390 4472 1480 4514 ⁶6⁹.
2334 4478 2366 4532 ζ·
