3308 5004
759 335 848 402 78
1394 351 1474 399 ns
1520 351 1577 399 s.
1630 350 1957 401 Aiaenonso
2004 352 2070 399 ι.
2123 349 2205 399 nu:
2254 351 2504 401 ueomo
2911 333 3077 400 AUG.
3117 334 3148 399 2
3233 292 3234 359 Ῑ

672 451 752 510 ut
780 438 951 529 legis
984 436 1391 510 residentiae
1418 457 1657 509 omnes
1681 449 1911 508 essent
1928 437 2541 508 observantissimi.
2565 436 2961 507 Pastoralem
2983 457 3152 507 suam

674 527 1211 599 sollicitudinem
1255 526 1446 596 miris
1478 526 1638 596 item
1685 526 1908 597 modis
1959 526 2464 597 zelantissimus
2511 527 2797 597 Antistes
2828 526 2908 596 ad
2953 544 3158 596 omnes

673 617 1012 689 Dioecesis
1070 615 1427 704 religiosas
1473 614 1773 688 familias
1835 616 2260 686 extendebat.
2314 615 2704 705 Episcopali
2743 636 3015 685 munere
3061 635 3159 683 su·

672 719 929 797 scepto,
982 706 1051 776 id
1114 705 1340 775 statim
1389 705 1702 784 curavit,
1762 705 1941 774 utin
1989 705 2261 775 cunctis
2312 704 2717 773 monialium
2770 703 3160 775 monasteriis

672 796 851 865 sacri
892 801 1214 867 Secessus
1257 792 1574 862 exercitia
1600 792 2136 864 celebrarentur.
2175 798 2253 864 Et
2295 792 2543 863 exhinc
2574 792 2811 863 eadem
2858 792 3160 870 exercitia,

673 883 823 974 ipso
860 884 1191 975 jubente,
1255 881 1627 969 quotannis
1673 882 2008 952 celebrata
2058 896 2261 964 sunt;
2313 882 2433 972 qui
2494 904 2573 974 pe
2622 881 2792 950 nihil
2847 882 2928 951 iis
2969 880 3164 971 aptius

673 972 758 1042 ad
787 970 1316 1043 sanctificandas
1347 969 1616 1039 animas
1633 992 1781 1041 esse
1808 971 2149 1041 censebat.
2188 977 2372 1043 «Non
2462 985 2620 1041 atur
2646 966 3166 1129 ferrumgajebat)

669 1062 877 1149 quod,
920 1073 1481 1150 quantacumque
1530 1059 1848 1149 rubigine
1894 1058 2299 1142 obductum,
2353 1062 2425 1130 in
2463 1072 2654 1130 tanto
2703 1060 2896 1130 incen
2953 1060 3011 1128 io
3052 1078 3164 1128 non

582 1232 589 1237 .
668 1151 1063 1221 emolliatur
1106 1171 1185 1219 ac
1243 1148 1518 1238 penitus
1566 1162 2055 1237 expurgetur.»
2105 1149 2233 1220 Sed
2294 1149 2507 1219 nullis
2554 1149 2772 1221 sacris
2820 1147 3166 1239 virginibus
3237 1170 3238 1229 l

669 1240 1003 1328 majorem
1050 1259 1290 1309 curam
1340 1236 1680 1327 impendit
1717 1259 1928 1324 quam
1977 1238 2622 1309 sanctimonialibus
2670 1261 2711 1307 a
2760 1242 2863 1307 Se.
2911 1236 3166 1307 Redem-

667 1342 861 1420 ptore
909 1337 1344 1417 nuncupatas
1378 1380 1394 1407 ,
1457 1346 1631 1412 quas
1681 1326 1875 1396 Scala
1921 1347 2001 1397 ex
2047 1349 2285 1396 earum
2355 1329 2579 1418 primo
2631 1326 3066 1405 monasterie,
3111 1322 3168 1421 in

669 1439 866 1487 suam
938 1414 1396 1507 episcopalem
1458 1415 1698 1484 urbem
1767 1416 2140 1486 arcessivit.
2194 1416 2306 1486 Eis
2372 1417 2573 1503 quasi
2646 1415 2954 1508 pupillae
3016 1410 3172 1482 oculi
3239 1452 3240 1507 l

669 1527 941 1596 semper
984 1504 1140 1575 advi
1193 1504 1359 1573 ilare
1391 1504 1579 1573 visus
1624 1516 1750 1584 est;
1801 1526 1917 1574 eas
1948 1504 2349 1574 omnimoda
2396 1527 2671 1596 semper
2699 1526 2830 1606 ope
2863 1504 3054 1593 juvit3
3084 1501 3168 1570 eis
3239 1512 3240 1549 ³

670 1595 956 1695 insuper
1002 1592 1155 1662 salu
1207 1593 1459 1693 errima
1510 1591 1789 1662 tradidit
1862 1593 2121 1663 monita
2152 1647 2167 1675 ,
2219 1594 2305 1662 ad
2368 1607 2583 1664 status
2633 1594 2940 1685 religiosi
2989 1588 3173 1681 perfe-

667 1694 960 1753 ctionem
1011 1693 1424 1772 spectantia:
1476 1703 1690 1768 quare
1710 1683 1869 1772 jure
1919 1682 2295 1769 meritoque
2326 1684 2747 1772 praecipuus
2780 1702 3014 1752 earum
3043 1698 3174 1770 pro-

669 1783 890 1841 motor
935 1793 1015 1841 ac
1065 1792 1313 1861 parens
1343 1770 1846 1840 existimandus
1877 1784 2000 1841 est.
2055 1771 2319 1840 Sensim
2355 1771 2676 1860 religiosa
2728 1771 2896 1842 haec
2942 1767 3175 1839 familia

666 1881 956 1929 numero
1004 1859 1310 1940 increvit,
1362 1871 1428 1928 et
1458 1858 1662 1928 hodie
1691 1881 1854 1929 suos
1888 1881 2116 1930 ramos
2159 1861 2225 1928 in
2260 1859 2656 1949 complures
2695 1860 2845 1949 jam
2901 1865 3176 1947 Europae

665 1949 983 2038 regiones
1013 1946 1336 2018 extendit.
1374 1948 1509 2017 Etsi
1539 1970 1717 2029 vero,
1753 1949 1928 2018 inter
1959 1948 2449 2018 has'moniales
2480 1971 2560 2018 ac
2592 1948 3176 2040 congregationem
3241 1994 3242 2011 ,

666 2041 767 2107 Ss.
824 2036 1322 2127 Redemptoris,
1392 2036 1747 2106 vinculum
1796 2037 2040 2107 existat
2083 2037 2477 2107 communis
2526 2037 2861 2128 originis,
2914 2050 2977 2106 et
3021 2055 3181 2105 com·

667 2126 905 2196 munis
952 2126 1020 2194 in
1053 2125 1374 2195 eumdem
1428 2130 1690 2194 Patrem
1738 2126 2037 2206 amoris;
2091 2126 2249 2196 illae
2280 2138 2506 2195 tamen
2538 2127 3020 2216 jurisdictioni
3065 2143 3180 2192 non

665 2214 966 2284 subsunt
1013 2213 1400 2314 Superioris
1447 2213 1789 2304 generalis
1838 2213 2175 2304 praefatae
2234 2215 2840 2305 congregationis,
2886 2214 2998 2286 sed
3050 2211 3183 2303 Epi-

665 2304 893 2393 scopis
943 2303 1433 2394 subjiciuntur,
1471 2324 1765 2389 quorum
1818 2304 1889 2373 in
1921 2303 2351 2374 dioecesibus
2379 2306 2803 2374 monasteria
2849 2302 3184 2375 erexerint.

744 2394 781 2479 ξ
830 2394 960 2466 n.
1015 2398 1092 2461 Et
1139 2391 1308 2461 haec
1354 2391 1636 2480 quidem
1690 2393 1756 2460 in
1812 2393 2153 2480 religiosis
2217 2391 2658 2483 perficiendis
2710 2393 3000 2462 familiis
3044 2410 3183 2459 con·

665 2480 1094 2552 stantissima
1144 2480 1469 2572 Alphonsi
1519 2479 1648 2551 fuit
1695 2481 2109 2552 sollicitudo.
2155 2487 2285 2552 Nec
2333 2502 2488 2551 vero
2553 2482 2795 2553 minus
2851 2483 2916 2553 ei
2953 2477 3190 2553 sollici-

662 2570 930 2640 tudinis
970 2572 1038 2640 in
1092 2571 1431 2658 reliquum
1477 2592 1680 2640 suum
1715 2572 1911 2651 ovile,
1969 2572 2033 2639 id
2085 2584 2187 2640 est
2225 2572 2293 2639 in
2344 2570 2555 2640 laicos
2587 2584 2761 2641 erat.
2819 2573 3022 2642 Hisce
3048 2571 3188 2639 item

660 2660 991 2730 omnibus
1038 2661 1271 2730 omnia
1319 2680 1390 2728 se
1451 2657 1773 2740 faciebat,
1834 2671 1909 2729 ut
1969 2681 2212 2730 omnes
2259 2660 2520 2730 Christo
2570 2658 3052 2742 lucrifaceret;
3098 2669 3189 2736 et,

660 2759 828 2819 teste
875 2747 1068 2819 Bulla
1110 2747 1680 2828 CanonizationiS,
1724 2769 1998 2818 omnem
2040 2747 2410 2818 adhibebat
2446 2770 2760 2839 operam,
2816 2764 2895 2820 ut
2945 2771 3028 2820 ne
3070 2766 3193 2818 una

655 2836 938 2922 quidem
987 2858 1068 2906 ex
1118 2836 1531 2906 concreditis
1579 2837 1713 2905 sibi
1770 2836 2015 2906 ovibus
2069 2836 2409 2927 perditum
2462 2838 2612 2906 iret.
2669 2839 3011 2922 Quamvis
3056 2855 3195 2906 vero

657 2924 990 2994 omnibus
1023 2946 1095 2994 se
1143 2924 1541 3015 impendere
1588 2947 1670 2996 ac
1718 2925 2330 3016 superimpendere
2376 2926 2659 3009 soleret,
2715 2949 2932 2997 curas
2989 2941 3194 2997 tamen

659 3011 1104 3101 specialiores
1149 3035 1229 3082 ac
1296 3035 1580 3103 prorsus
1640 3013 2031 3103 singulares
2079 3015 2150 3083 in
2210 3036 2548 3104 pauperes
2601 3028 3066 3106 aegrotosque
3100 3014 3201 3116 ju-

655 3100 919 3170 vandos
965 3101 1319 3170 convertit.
1376 3106 1463 3171 De
1495 3124 1632 3189 qua
1684 3123 1754 3172 re
1787 3104 1886 3173 sic
1937 3104 2004 3171 in
2054 3103 2291 3173 eadem
2328 3103 2565 3172 Bulla:
2602 3109 3018 3197 «pauperes
3040 3123 3201 3175 mira

654 3187 989 3288 charitate
1027 3190 1428 3280 complexus
1473 3202 1597 3271 est,
1651 3190 1909 3280 quibus
1940 3192 2291 3272 alimenta,
2346 3206 2564 3262 vestes
2611 3194 3020 3285 stipemque
3061 3213 3204 3285 pro-

658 3275 790 3346 lixe
836 3278 1272 3368 erogabat....
1324 3278 1601 3361 Puellis,
1653 3291 1732 3349 ut
1764 3281 2012 3370 nuptui
2059 3282 2412 3362 darentur,
2449 3281 2673 3351 dotem
2728 3283 2821 3353 de
2862 3307 2993 3356 suo
3027 3301 3205 3374 prae-

654 3365 839 3447 bere,
881 3366 1352 3438 adolescentes
1383 3366 1692 3448 clericos,
1737 3369 1883 3456 qui,
1936 3369 2186 3439 humili
2219 3391 2467 3459 genere
2492 3369 2658 3451 nati,
2702 3393 2950 3443 rerum
2983 3369 3209 3463 inopia

656 3453 1174 3537 afflictarentur,
1212 3456 1282 3525 in
1331 3454 1670 3526 bonarum
1721 3459 1972 3527 artium
2020 3457 2391 3549 disciplina
2431 3459 2576 3528 suis
2616 3459 2810 3531 alere
2845 3461 3201 3554 impensis,

654 3544 1081 3614 consuevit.»
1118 3544 1243 3614 Sed
1280 3545 1624 3615 heroicam
1659 3567 1858 3616 suam
1887 3547 2289 3617 charitatem
2325 3559 2606 3617 sanctus
2632 3550 3037 3644 Episcopus
3069 3562 3209 3620 tum

650 3633 878 3722 praeci
935 3655 1022 3703 ue
1051 3633 1375 3714 exercuit,
1420 3655 1576 3703 cum
1614 3656 1887 3705 summa
1923 3657 2239 3706 annonae
2269 3636 2644 3706 difficultas
2674 3649 2900 3710 totam
2940 3646 3007 3711 S.
3044 3645 3210 3730 Aga-

653 3719 811 3821 thae
910 3721 1224 3793 ioecesim
1261 3734 1617 3813 premeret.
1652 3723 1843 3807 Quod
1881 3724 2139 3795 factum
2172 3736 2274 3795 est
2319 3738 2605 3796 exeunte
2629 3747 2827 3818 anno
2868 3749 3208 3808 nuceum,

648 3820 717 3878 et
766 3822 1045 3881 ineunte
1092 3832 1276 3881 anno
1324 3812 1660 3900 sequenti.
1720 3813 1990 3883 Miseria
2040 3828 2202 3885 tunc
2249 3813 2420 3885 adeo
2478 3815 2898 3901 increverat,
2955 3832 3036 3890 ut
3083 3838 3215 3887 non

648 3920 908 3990 parvus
942 3901 1148 3969 timor
1176 3913 1376 3982 esset,
1417 3923 1501 3971 ne
1533 3901 1734 3970 multi
1768 3902 2000 3972 inedia
2039 3903 2363 3994 perirent.
2402 3908 2549 3986 Quo
2588 3904 3014 3977 calamitoso
3056 3920 3217 3978 tem·

649 4009 836 4077 pore,
902 3989 1293 4081 Alphonsus
1340 4011 1476 4058 non
1527 3989 1751 4059 solum
1813 4012 2086 4062 omnem
2136 3991 2582 4062 domesticam
2633 3995 3160 4084 supellectilem
3199 4050 3214 4076 ,

646 4076 765 4145 sed
803 4088 871 4147 et
909 4078 1131 4168 ipsam
1164 4100 1444 4148 auream
1499 4100 1696 4150 suam
1746 4102 2024 4150 crucem
2072 4093 2277 4168 atque
2323 4080 2665 4150 annulum
2722 4084 3218 4176 episcopalem

645 4164 939 4235 vendere
980 4189 1116 4237 non
1146 4167 1529 4249 dubitavit,
1572 4168 1656 4237 ad
1713 4167 2190 4239 famelicorum
2240 4182 2607 4260 egestatem
2658 4171 3216 4244 sublevandam.

644 4256 904 4323 Etcum
934 4256 1212 4327 miseria
1237 4257 1307 4325 in
1341 4257 1487 4327 dies
1515 4256 1986 4349 ingravescere
2015 4271 2348 4348 pergeret,
2383 4258 2468 4327 ad
2505 4263 2892 4332 Summum
2932 4263 3219 4333 tandem

643 4343 1040 4414 Pontificem
1076 4367 1147 4416 se
1172 4347 1523 4427 convertit,
1555 4368 1629 4417 ro
1728 4368 1808 4418 ns
1839 4349 2124 4438 utipsos
2146 4347 2485 4419 Ecclesiae
2520 4348 2790 4419 reditus
2829 4351 2907 4421 in
2947 4352 3226 4423 alendis

644 4432 1070 4523 pauperibus
1129 4434 1262 4505 sibi
1308 4456 1591 4528 erogare
1666 4437 1893 4508 iceret.
1962 4442 2229 4508 Interea
2281 4458 2479 4522 vere,
2545 4448 2622 4508 ut
2666 4441 3030 4529 grandem
3107 4441 3224 4511 Dei
