3308 5004
636 327 765 395 204
1236 344 1316 393 nn
1363 344 1419 393 s,
1473 343 1752 392 Arcamo
1799 343 1984 393 conr.
2037 341 2392 394 cananum
2814 326 3001 398 AUG.
3055 328 3096 393 7

546 430 871 520 deinceps
920 428 1040 499 illo
1087 450 1160 499 se
1207 428 1419 500 sensit
1481 427 2116 499 morbo-infestari.
2171 426 2247 498 Id
2313 427 2433 499 ubi
2498 428 2727 499 videre
2775 441 3096 520 parentes

545 520 724 607 ejuS,
782 539 1056 589 sacrum
1100 516 1452 609 baptisma
1499 539 1661 588 cum
1711 516 1832 587 illo
1877 539 1918 587 a
1967 519 2112 588 viro
2165 517 2279 586 Dei
2332 524 2808 608 perceperunt,
2860 530 2928 589 et
2971 517 3096 587 ad-

546 607 830 679 modum
870 606 1188 698 religiose
1233 607 1571 677 vixerunt.
1628 606 1842 677 Filius
1873 628 2028 677 vero
2062 616 2340 678 secutus
2379 615 2481 677 est
2515 607 2738 677 virum
2782 606 3087 689 beatum,

544 708 786 856 effium
817 696 1021 798 vitam
1052 695 1329 766 vixisset
1360 694 1775 787 cumprimis
1809 695 2019 785 piam,
2059 696 2130 764 in
2167 694 2457 765 Domino
2495 695 2773 766 tandem
2805 693 3098 766 feliciter

544 807 585 856 o
684 796 983 856 ormwit.

634 876 670 962 ξ
720 878 864 946 18.
909 872 1157 944 Eodem
1210 892 1394 943 anno
1431 895 1589 944 cum
1628 873 1732 943 vir
1781 885 2062 943 sanctus
2100 871 2188 943 ab
2238 872 2495 964 oppido
2553 877 2762 944 Sacca
2859 871 3090 943 rofici-

549 976 858 1034 sceretur
901 963 1391 1054 Agrigentum,
1447 962 1704 1032 flumen
1755 961 2102 1051 quoddam
2156 962 2588 1041 transmisit,
2652 984 2791 1050 quo
2887 960 3096 1051 vulgo

543 1051 906 1123 Platanum
955 1051 990 1087 ¹*
1020 1062 1287 1122 vocant.
1345 1049 1521 1120 Vidit
1568 1063 1794 1122 autem
1836 1051 2030 1141 juxta
2081 1051 2372 1121 fluvium
2422 1050 2760 1138 quosdam
2796 1050 3095 1121 ludaeos

546 1152 1004 1211 transeuntes
1058 1144 1216 1210 Erat
1262 1151 1487 1210 autem
1515 1139 1668 1210 ‘iter
1714 1153 2111 1232 angustum,
2166 1140 2426 1230 quippe
2457 1140 2633 1210 inter
2672 1152 2938 1210 montes
2976 1160 3094 1209 ex·-

545 1230 791 1300 celsos,
844 1228 1130 1299 Judaeis
1161 1249 1324 1320 ergo
1372 1228 1499 1298 iter
1544 1229 1933 1321 agentibus,
1971 1240 2037 1298 et
2073 1228 2217 1298 viro
2261 1229 2372 1299 Dei
2407 1228 2495 1298 ab
2526 1227 2740 1299 altera
2774 1227 3093 1306 fluminis

544 1330 738 1410 parte
768 1316 1193 1398 ambulante,
1231 1317 1462 1388 subito
1507 1338 1685 1406 aqua
1719 1318 2046 1388 excrescit
2076 1317 2259 1387 ultra
2295 1317 2604 1398 modum,
2642 1330 3092 1407 arreptosque

540 1406 844 1477 Judaeos
882 1405 1066 1498 cogit
1096 1418 1354 1476 natare.
1408 1405 1518 1476 Illi
1563 1418 1919 1478 cernentes
1967 1407 2035 1476 in
2088 1418 2226 1476 tam
2281 1427 2603 1498 praesens
2633 1429 2706 1477 se
2752 1407 3096 1492 conjectos

544 1495 947 1574 discrimen,
983 1494 1070 1563 ad
1112 1495 1336 1565 virum
1384 1495 1688 1576 beatum,
1743 1495 1828 1565 de
1861 1516 1997 1583 quo
2031 1494 2173 1583 jam
2225 1495 2578 1566 auditione
2629 1507 3084 1597 acceperant,

544 1583 819 1674 magnis
869 1584 1153 1654 vocibus
1199 1582 1532 1655 clamant:
1580 1584 1840 1675 Adjuva
1877 1605 2000 1654 nos
2046 1583 2325 1655 domine
2374 1584 2620 1653 virtute
2665 1584 2913 1654 Christi
2962 1583 3088 1653 tui.

545 1671 924 1764 Respondit
971 1671 1127 1742 illex
1188 1671 1312 1743 «si
1363 1673 1429 1741 in
1480 1673 1630 1762 ejus
1678 1673 1960 1743 nomine
2008 1672 2336 1762 baptizari
2393 1672 2624 1752 vultis,
2676 1686 2741 1744 et
2789 1684 2926 1744 toto
3024 1693 3091 1741 e·

545 1773 731 1831 ctore
777 1761 1035 1852 cupitis
1073 1760 1251 1832 effici
1298 1761 1688 1842 Christiani,
1728 1761 1916 1832 salus
1951 1761 2140 1832 vobis
2172 1773 2440 1852 praesto
2466 1763 2617 1832 erit.
2653 1784 2689 1828 »
2738 1767 2907 1831 Tum
2942 1694 3085 1830 iffi:

545 1854 703 1930 Nos,
751 1850 1101 1938 inquiunt,
1154 1849 1504 1920 credimus
1554 1849 1692 1920 illis
1723 1870 1899 1939 quae
1934 1863 2005 1920 tu
2043 1851 2399 1940 praedicas
2446 1850 2532 1920 de
2572 1850 2835 1921 Christo
2883 1854 3097 1919 Naza-

545 1960 751 2020 reno‚
805 1939 1269 2029 cupimusque
1319 1938 1675 2030 baptizari.
1743 1938 1816 2009 Id
1870 1939 2009 2008 illis
2069 1938 2507 2021 dicentibus,
2563 1939 2668 2008 vir
2720 1938 2833 2009 Dei
2886 1959 3098 2028 super

545 2049 765 2116 aquas
812 2027 1145 2109 ambulat,
1199 2027 1282 2097 ad
1333 2049 1585 2117 eosque
1634 2029 2058 2117 pervenienS‚
2111 2029 2179 2097 in
2234 2028 2383 2118 ipso
2445 2028 2734 2097 flumine
2794 2027 3095 2118 baptizat

549 2138 689 2186 eos.
746 2116 1028 2186 Interim
1078 2115 1410 2187 cedebant
1456 2138 1698 2205 aquae,
1755 2128 1819 2187 et
1853 2116 1991 2188 illis
2036 2116 2299 2198 divisis,
2340 2116 2443 2185 vir
2480 2129 2760 2186 sanctus
2796 2115 3096 2186 ludaeos

548 2204 896 2297 baptismo
928 2205 1073 2294 jam
1123 2206 1468 2296 expiatOS,
1521 2207 1783 2293 absque
1831 2206 1972 2277 ullo
2033 2206 2443 2276 detrimento
2489 2226 2567 2274 ex
2618 2204 2736 2275 illo
2783 2203 3095 2296 periculo

548 2293 617 2363 in
675 2306 919 2363 terram
972 2293 1230 2364 eduxit.
1284 2295 1415 2377 Qui
1461 2317 1618 2365 cum
1671 2295 1756 2364 ad
1807 2315 1970 2366 suos
2020 2294 2472 2374 revertissent,
2515 2294 2772 2374 omnia,
2806 2314 2984 2381 quae
3020 2294 3091 2361 in

546 2382 655 2452 via
713 2382 887 2473 ipsis
933 2381 1341 2454 accidissent
1418 2396 1869 2454 narraverunt
1938 2383 2272 2473 Episcopo
2321 2404 2478 2452 cum
2547 2381 2764 2453 multa
2831 2380 3097 2452 exulta-

551 2471 759 2553 tione,
801 2472 1024 2543 virum
1065 2472 1177 2543 Dei
1218 2477 1361 2543 t'um
1403 2472 1589 2565 apud
1627 2472 2038 2553 illum,'tum
2089 2472 2274 2564 apud
2326 2470 2496 2544 alios
2531 2470 2735 2545 laude
2780 2483 2845 2542 et
2895 2491 3094 2562 prae-

545 2560 889 2633 dicatione
926 2562 1302 2633 efferentes.

602 2653 670 2739 ·§
718 2656 858 2724 u.
916 2655 1007 2721 Eo
1049 2663 1375 2740 tempore,
1411 2671 1549 2737 quo
1595 2650 1700 2720 vir
1746 2650 1985 2720 heatus
2032 2649 2170 2740 egit
2220 2648 2712 2719 Provincialem
2766 2646 3037 2719 Siciliae
3068 2702 3084 2728 ‚

543 2738 964 2828 quandoque
1010 2739 1224 2809 voluit
1272 2739 1546 2808 visitare
1596 2738 2016 2829 provinciam
2071 2759 2295 2808 suam.
2351 2736 2621 2808 Solebat
2651 2750 2876 2807 autem
2926 2758 3091 2807 cum

545 2828 855 2918 scipione
903 2826 1196 2918 ingredi,
1250 2839 1315 2896 et
1362 2827 1623 2897 socium
1677 2827 1992 2907 habebat,
2027 2826 2147 2914 qui
2186 2825 2388 2896 ferret
2420 2848 2539 2897 vas
2577 2825 2808 2907 fictile,
2845 2826 2913 2895 in
2955 2847 3095 2913 quo

546 2929 694 2987 erat
728 2914 930 3006 panis
986 2928 1049 2986 et
1101 2936 1306 3004 aqua,
1352 2914 1537 2985 unde
1566 2916 1635 2985 in
1674 2916 1918 2985 itinere
1952 2914 2535 2985 sustentabantur.
2567 2914 2824 2985 Accidit
2861 2927 3095 2985 autem

544 3003 851 3092 quodam
910 3016 1215 3095 tempore
1269 3003 1408 3073 illis
1463 3004 1588 3073 iter
1642 3003 2098 3085 facientibus,
2159 3017 2225 3074 et
2268 3003 2413 3093 jam
2458 3003 2542 3072 ad
2595 3004 3094 3074 monasterium

544 3091 899 3179 quoddam
950 3091 1720 3250 apXropinquantibus,
1772 3106 1849 3162 ut
1898 3092 2064 3163 socii
2112 3092 2263 3183 ejus
2315 3092 2730 3182 negligentia
2764 3113 2882 3163 vas
2918 3091 3091 3161 illud

546 3181 617 3249 in
663 3192 912 3249 terram
947 3202 1023 3250 ca
1077 3192 1239 3261 eret,
1274 3194 1340 3250 et
1374 3181 1442 3249 in
1485 3179 1742 3252 multas
1773 3180 2148 3272 particulas
2176 3179 2625 3271 frangeretur.
2665 3185 2754 3249 Ea
2795 3202 2867 3250 re
2899 3179 3097 3251 valde

549 3280 1028 3340 consternatus
1076 3268 1283 3338 frater
1330 3268 1467 3349 ille,
1509 3289 1643 3339 non
1686 3268 1985 3339 audebat
2021 3269 2105 3338 ad
2144 3270 2365 3339 virum
2408 3269 2522 3338 Dei
2563 3268 2850 3359 propius
2898 3291 3097 3339 acce-

551 3356 736 3426 dere.
789 3356 865 3427 Id
908 3357 1159 3446 spiritu
1197 3379 1621 3447 cognoscens
1671 3359 1773 3428 vir
1819 3370 2121 3440 sanctus,
2174 3369 2367 3427 vocat
2413 3357 2609 3427 illum
2646 3356 2733 3428 ad
2763 3379 2864 3449 se,
2905 3370 3099 3449 rogat

546 3467 676 3517 cur
716 3444 915 3517 solito
956 3446 1221 3516 tardius
1253 3459 1319 3517 et
1358 3446 1688 3517 remotius
1736 3458 2083 3534 sequatur,
2128 3458 2193 3515 et
2229 3444 2395 3534 quid
2429 3445 2698 3527 habeat,
2740 3446 2927 3516 unde
2955 3458 3096 3517 tam

551 3546 857 3604 moestus
889 3534 1000 3604 sit.
1040 3534 1161 3604 Ille
1210 3557 1354 3605 rem
1386 3556 1659 3605 omnem
1699 3534 2195 3605 tremebundus
2240 3536 2560 3624 exponit:
2610 3535 2943 3623 jubetque
2991 3536 3097 3605 vir

548 3622 814 3703 beatus,
844 3635 920 3693 ut
947 3623 1327 3713 particulas
1362 3645 1602 3695 omnes
1632 3624 1901 3711 contriti
1946 3624 2127 3695 vasis
2159 3622 2244 3693 ad
2281 3646 2352 3693 se
2383 3638 2721 3714 apportet.
2765 3624 2916 3695 Abit
2945 3623 3086 3705 ille,

549 3722 627 3782 ut
659 3728 777 3781 vas
824 3711 1125 3783 adferat:
1163 3727 1229 3783 et
1276 3733 1433 3783 ecce
1483 3714 1702 3783 cernit
1743 3713 1913 3783 illud
1962 3735 2127 3784 suae
2167 3713 2537 3804 integritati
2588 3714 2977 3784 restitutum
3029 3726 3096 3782 et

548 3803 728 3888 aqua
759 3800 1065 3893 plenum.
1103 3806 1339 3891 Itaque
1371 3801 1756 3873 incredibili
1786 3803 2070 3873 affectus
2137 3802 2369 3885 audi0,
2392 3801 2519 3873 fert
2547 3801 2719 3873 illud
2750 3802 2836 3872 ad
2865 3802 3093 3872 virum

547 3890 687 3970 Dei,
726 3901 791 3960 et
833 3911 1034 3981 porro
1071 3912 1230 3961 cum
1266 3890 1384 3960 illo
1417 3902 1736 3981 coeptum
1789 3892 1916 3962 iter
1952 3913 2079 3961 con
2139 3891 2252 3961 cit.

637 3980 674 4066 ἓ
720 3985 862 4053 15.
917 3978 1061 4049 Alio
1092 3992 1401 4070 tempore
1448 4002 1607 4050 cum
1663 3980 1765 4049 vir
1794 3994 2073 4050 sanctus
2121 3978 2471 4067 quoddam
2524 3978 2631 4050 sui
2674 3977 2977 4048 Instituti
3028 3989 3096 4046 et

550 4068 941 4158 provinciae
991 4069 1488 4139 monasterium
1541 4068 1878 4151 visitaret,
1923 4080 1989 4138 et
2035 4068 2451 4157 quandoque
2502 4067 2830 4158 precandi
2879 4070 3099 4136 causa

549 4176 708 4225 cum
760 4155 1091 4227 fratribus
1138 4171 1314 4229 esset
1364 4158 1431 4227 in
1484 4159 1721 4236 Choro‚
1777 4157 2027 4246 spiritu
2075 4156 2341 4238 didicit,
2394 4155 2766 4243 quemdam
2811 4155 3097 4225 fratrem

556 4242 773 4314 multa
802 4265 965 4336 erga
1013 4246 1549 4318 sacratissimam
1597 4246 1841 4316 Christi
1905 4258 2193 4315 matrem
2247 4246 2526 4314 Mariam
2580 4244 2798 4314 animi
2848 4243 3099 4333 pietate

550 4343 618 4402 et
665 4331 1021 4405 devotione
1070 4334 1347 4406 fervere.
1404 4334 1531 4405 Sed
1581 4336 1643 4405 ei
1695 4334 2011 4405 invidens
2046 4348 2391 4405 tortuosus
2425 4333 2708 4404 coluber
2747 4332 3093 4414 diaboluS,

602 4461 627 4487 *
656 4459 797 4512 Lycus
816 4460 940 4510 apud
959 4462 1158 4508 veteres.
1187 4462 1270 4513 qut
1287 4461 1453 4511 hyeme
1471 4463 1742 4504 immaniter
1760 4459 2049 4503 intumescit.
