3308 5004
696 317 827 386 346
1194 335 1274 383 nr.
1319 332 1709 383 poeninon
1754 333 2036 382 annss.
2088 331 2261 381 vtae.
2312 332 2552 381 unm
2828 314 3017 383 AUG.
3075 317 3158 382 15

608 419 888 511 imperii
920 418 1196 489 divinae
1234 410 1607 489 memoriae
1654 417 2007 488 Marciani.
2052 418 2108 488 1i
2146 438 2333 507 ergo,
2385 416 2648 488 scilicet
2687 417 3050 489 Pulcheria
3098 432 3163 489 et

611 509 1029 590 Marcianus,
1082 529 1240 577 cum
1292 506 1436 577 illic
1481 506 1965 578 aedificassent
2009 506 2296 577 domum
2352 506 2809 577 venerabilem
2861 509 3161 578 maxime

611 597 1066 669 celebrandae
1097 610 1163 667 et
1208 596 1689 668 sanctissimae
1736 595 2087 686 Deiparae‚
2141 608 2208 664 et
2253 616 2528 686 semper
2560 596 2807 686 virgini
2847 598 3105 666 Mariae
3132 652 3152 678 ‚

607 699 676 756 et
728 708 880 756 eam
928 686 1258 757 omnibus
1295 698 1740 756 exornassem
1784 684 2211 755 ornamentis
2243 737 2259 766 ,
2311 684 2734 771 quaerebant
2785 684 2937 773 ejus
2999 708 3160 756 san-

609 775 998 847 ctissimum
1034 796 1312 865 corpus,
1366 773 1549 860 quod
1603 779 1816 844 Deum
1868 787 2287 863 susceperat.
2340 777 2421 843 Et
2448 793 2609 843 cum
2639 774 3158 845 accersivissent

608 863 1005 934 Juvenalem
1041 862 1694 953 lerosolymitanum
1746 862 2381 953 Archiepiscopum,
2432 874 2499 932 et
2546 862 2967 933 Palaestinae
2999 866 3159 955 Epi·

611 974 898 1044 scopOS,
942 954 1065 1040 qui
1128 953 1196 1021 in
1255 952 1443 1041 regia
1492 951 1666 1021 urbe
1712 950 2165 1022 versabantur
2211 962 2489 1109 propter
2543 951 2884 1039 synodum
2913 1006 2930 1033 ,
2983 973 3157 1039 quae

535 1082 548 1089 -
608 1054 775 1112 tunc
824 1041 1000 1111 facta
1047 1055 1151 1112 est
1216 1038 1644 1110 Chalcedone
1696 1039 1913 1129 (anno
1960 1038 2247 1129 ccccm),
2361 1040 2554 1109 icunt
2612 1040 2755 1109 eis:
2819 1040 3157 1112 Audimus

608 1151 758 1201 esse
805 1129 1258 1231 Jerosolymis
1308 1129 1603 1220 primam
1653 1142 1721 1197 et
1774 1129 2120 1219 egregiam
2190 1129 2670 1198 sanctissimae
2722 1129 3048 1219 Deiparae
3094 1142 3157 1199 et

607 1240 882 1309 semper
928 1218 1217 1308 virginis
1262 1218 1514 1288 Mariae
1559 1216 1922 1287 ecclesiam
1973 1218 2042 1286 in
2095 1217 2374 1308 praedio
2414 1216 2597 1305 quod
2650 1231 2930 1288 vocatur
2955 1217 3158 1289 Geth·

617 1329 922 1389 semane,
975 1308 1097 1377 ubi
1130 1307 1305 1396 ejus,
1347 1304 1532 1394 quod
1581 1305 1788 1375 vitam
1827 1305 2140 1396 portavit,
2195 1327 2316 1376 cor
2365 1327 2452 1376 us
2497 1305 2627 1376 fuit
2674 1306 2745 1375 in
2783 1306 3011 1377 loculo
3041 1306 3154 1377 de·

659 1397 940 1465 ositum.
995 1395 1326 1466 Volumus
1356 1416 1520 1485 ergo
1556 1395 1707 1483 ejus
1756 1395 1892 1467 huc
1929 1394 2185 1465 adduci
2236 1417 2308 1465 re
2339 1394 2566 1482 iquias
2620 1394 2706 1464 ad
2766 1395 3153 1465 custodiam

608 1418 825 1572 liujus
874 1485 1101 1574 regiae
1137 1483 1454 1554 civitatis.
1508 1483 1868 1574 Excipiens
1915 1497 2170 1564 autem,
2225 1483 2581 1573 respondit
2622 1483 3029 1555 Juvenalis:
3078 1489 3152 1555 In

609 1586 846 1643 sancta
893 1573 1173 1661 quidem
1207 1584 1273 1641 et
1303 1572 1637 1642 divinitus
1686 1573 2024 1663 inspirata
2070 1573 2414 1662 scriptura
2447 1572 2532 1641 de
2564 1571 2849 1643 decessu
2883 1585 3156 1643 sanctae

611 1661 940 1752 Deiparae
968 1662 1216 1731 Mariae
1257 1661 1429 1731 nihil
1467 1660 1782 1732 traditur.
1837 1666 1929 1731 Ex
1963 1662 2249 1747 antiqua
2282 1674 2511 1731 autem
2559 1675 2626 1730 et
2659 1662 3023 1731 verissima
3050 1684 3156 1731 ac·

513 1788 518 1793 -
609 1751 926 1840 cepimus
958 1750 1347 1829 traditione,
1386 1749 1568 1836 quod
1607 1763 1914 1840 tempore
1991 1750 2283 1820 loriosac
2309 1750 2462 1838 ejus
2491 1749 2955 1830 dormitioniS,
3002 1751 3157 1821 uni-

608 1840 783 1908 versi
811 1839 1090 1926 quidem
1120 1839 1337 1909 sancti
1362 1838 1686 1928 Apostoli,
1720 1838 1840 1926 qui
1874 1859 1952 1908 or
2002 1861 2109 1908 em
2147 1851 2365 1909 terrae
2393 1838 2480 1907 ad
2516 1837 2807 1909 salutem
2842 1840 3153 1929 gentium

608 1927 916 2007 obibant,
972 1940 1330 1996 momento·
1369 1928 1696 2018 temporis
1742 1927 2041 1998 sublime
2071 1927 2351 2009 sublati,
2390 1943 2860 1997 convenerunt
2888 1933 3157 1998 Jeroso·

612 2016 845 2107 lymis.
899 2021 977 2086 Et
1023 2037 1181 2086 cum
1233 2014 1418 2106 apud
1484 2038 1635 2086 eam
1686 2030 1961 2099 essent,
2013 2017 2114 2087 eis
2162 2016 2334 2086 visio
2391 2016 2608 2086 extitit
2671 2016 3045 2107 Angelica:
3096 2030 3159 2086 et

609 2105 843 2175 audita
893 2104 1022 2175 suit
1078 2104 1312 2173 divina
1360 2104 1740 2195 hymnodia
1803 2106 2380 2195 praestantiorum
2436 2116 2894 2194 potestatum:
2947 2119 3014 2174 et
3063 2108 3158 2175 sic

609 2216 771 2265 cum
806 2193 1042 2263 divina
1073 2193 1293 2284 gloria
1321 2206 1387 2264 et
1416 2193 1926 2284 supercoelesti,
1967 2195 2036 2263 in
2089 2216 2340 2265 manus
2383 2194 2501 2263 Dei
2530 2206 2838 2263 sanctam
2877 2194 3159 2264 tradidit

601 2283 913 2353 animam
960 2284 1222 2353 ratione
1250 2282 1549 2370 quadam
1594 2282 1952 2353 ineffabili.
1990 2283 2184 2366 Quod
2221 2304 2377 2353 vero
2417 2287 2629 2352 Deum
2666 2283 2976 2372 suscepit
3004 2284 3158 2371 ejus

610 2392 887 2462 corpus,
946 2394 1107 2442 cum
1156 2372 1478 2462 Angelica
1522 2384 1589 2440 et
1632 2371 2019 2461 Apostolica
2069 2371 2445 2461 hymnodia
2479 2370 2736 2441 elatum
2770 2425 2788 2450 ,
2829 2371 3048 2459 justis
3095 2373 3154 2440 ei

608 2460 831 2542 factis,
884 2462 953 2531 in
1007 2460 1234 2532 loculo
1282 2459 1413 2530 fuit
1444 2459 1831 2550 depositum
1886 2459 2361 2532 Gethsemane.
2414 2464 2561 2543 Quo
2612 2460 2685 2530 in
2735 2459 2885 2531 loco
2936 2464 3155 2552 Ange-

609 2550 832 2621 lorum
885 2550 1132 2620 chorea
1166 2564 1234 2621 et
1284 2548 1664 2652 hymnodia
1713 2549 1965 2622 mansit
2021 2564 2157 2620 tres
2200 2550 2351 2620 dies
2384 2563 2778 2640 perpetuos,
2815 2553 2976 2620 Post
3023 2563 3153 2619 tres

609 2638 757 2711 dies
808 2651 1061 2720 autern,
1116 2638 1439 2729 Angelica
1492 2651 1804 2709 cessante
1851 2639 2271 2728 hymnodia,
2326 2639 2449 2726 qui
2497 2638 2784 2708 aderant
2828 2642 2877 2707 A
2976 2638 3151 2718 stoli,

607 2749 767 2798 cum
818 2751 1003 2798 unus
1036 2726 1391 2807 abfuisset,
1425 2739 1492 2796 et
1525 2741 1677 2817 post
1709 2728 1984 2798 tertium
2035 2727 2217 2797 diem
2271 2727 2588 2809 venisset,
2618 2740 2691 2816 ‘et
2722 2747 2861 2814 quo
2943 2732 3152 2797 Deum

611 2830 1004 2906 susceperat
1050 2837 1305 2906 corpus
1351 2816 1638 2884 adorare
1702 2817 2073 2896 voluisset,
2141 2814 2452 2886 loculum
2510 2827 2985 2906 aperuerunt:
3039 2815 3152 2887 sed

610 2905 1096 2974 intemeratum
1145 2903 1454 2989 quidem,
1488 2917 1553 2973 et
1583 2904 1776 2973 omni
1809 2925 1887 2972 ex
1924 2915 2113 2993 parte
2143 2902 2575 2974 laudandum
2610 2924 2866 2994 corpus
2903 2926 3087 2993 nequ
3129 2942 3155 2954 ·

610 3014 820 3080 quam
881 2991 1187 3062 invenire
1235 3004 1630 3081 potuerunt.
1683 2996 1861 3062 Cum
1914 3013 1992 3060 ea
2046 3004 2276 3063 autem
2345 2991 2487 3061 sola
2555 2992 3028 3074 invenissent,

611 3080 1139 3168 quibus‘fuerat
1190 3082 1651 3170 compositum
1700 3093 1767 3149 et
1815 3080 2115 3171 positum
2151 3135 2167 3163 ,
2220 3092 2287 3151 et
2336 3080 2720 3162 ineffabili,
2775 3081 2898 3169 qui
2945 3104 3026 3153 ex
3075 3083 3156 3151 iis

612 3167 1180 3259 proficiscebatur
1212 3222 1229 3249 ,
1294 3179 1523 3238 essent
1567 3168 1776 3238 odore
1825 3168 2111 3258 repleti,
2178 3168 2487 3240 loculum
2551 3169 2977 3240 clauserunt.
3029 3169 3155 3253 Qui

614 3258 920 3345 mysterii
971 3255 1422 3346 obstupefacti
1460 3256 1820 3338 miraculo,
1858 3255 1985 3327 hoc
2015 3257 2237 3328 solum
2293 3271 2604 3348 poterant
2642 3259 2947 3350 cogitare
2976 3257 3153 3347 quod

612 3346 725 3416 cui
782 3344 1037 3435 placuit
1084 3345 1152 3413 in
1199 3345 1476 3446 propria
1508 3367 1797 3434 persona
1831 3367 2039 3416 carne
2077 3346 2299 3428 indui,
2337 3361 2404 3417 et
2434 3370 2516 3418 ex
2549 3362 2991 3419 sacrosancta
3019 3348 3157 3418 Vir-

613 3435 774 3523 gine
824 3433 1027 3503 homo
1074 3433 1245 3514 fieri,
1299 3447 1366 3502 et
1414 3434 1600 3503 nasci
1651 3434 1720 3503 in
1770 3456 1979 3504 carne
2037 3439 2212 3506 Deus
2284 3436 2573 3506 Verbum
2610 3489 2629 3517 ,
2693 3449 2761 3506 et
2794 3436 3155 3507 »Dominus

613 3522 907 3623 gloriae,
945 3533 1012 3591 et
1061 3537 1212 3612 post
1249 3535 1549 3623 partum,
1601 3523 1755 3613 ejus
1800 3523 2273 3613 incorruptam
2323 3524 2754 3625 conservavit
2800 3526 3157 3617 virginita-

615 3627 746 3682 tem
782 3636 798 3677 :
850 3633 912 3680 e1
951 3632 1224 3698 quoque
1256 3632 1478 3679 visum
1529 3625 1652 3690 est,
1696 3626 2057 3701 postquam
2104 3633 2181 3680 ea
2215 3634 2253 3680 e
2299 3635 2472 3683 v1v1s
2502 3614 2817 3688 excessit.
2872 3614 3157 3684 inteme-

616 3715 842 3770 ratum
874 3698 1028 3788 ejus
1054 3714 1121 3769 et
1152 3699 1591 3800 impollutum
1625 3722 1880 3801 corpus
1907 3700 2244 3771 honorare
2275 3699 2745 3783 translatione,
2785 3717 2944 3773 ante
2973 3724 3157 3773 com-

614 3810 895 3860 munem
944 3802 1010 3858 et
1050 3810 1443 3858 universam
1479 3803 2078 3860 resurrectionem.

701 3886 739 3960 5
792 3882 938 3949 81.
992 3881 1181 3947 'l’unc
1229 3891 1457 3948 autem
1498 3875 1784 3948 aderant
1829 3900 1986 3949 cum
2023 3876 2362 3968 Apostolis
2399 3878 2885 3949 sanctissimus
2932 3879 3153 3949 Timo·

611 3965 813 4038 theus
860 3966 1246 4057 ApostoluS,
1296 3981 1361 4036 et
1412 3966 1680 4057 primus
1712 3966 2094 4057 Episcopus
2140 3965 2622 4057 Ephesiorum,
2677 3980 2744 4038 et
2792 3968 3153 4057 Dionysius

609 4057 1038 4147 Areopagita,
1083 4056 1263 4125 sicut
1310 4055 1424 4125 hic
1472 4055 1620 4156 ipse
1664 4077 1965 4146 magnus
2012 4068 2298 4125 testatur
2330 4056 2698 4146 Dionysius
2737 4057 2808 4126 in
2850 4056 2938 4126 iis
2982 4076 3156 4144 quae

614 4143 699 4213 de
733 4145 928 4216 beato
959 4145 1344 4225 Hierothe0‚
1400 4166 1521 4232 qui
1564 4144 1581 4213 i
1639 4166 1713 4214 se
1748 4164 2024 4232 quoque
2063 4156 2228 4214 tunc
2281 4143 2556 4226 aderat,
2608 4145 3027 4235 conscripsit
3070 4143 3151 4214 ad

611 4232 872 4302 dictum
920 4234 1315 4324 Apostolum
1366 4167 1797 4303 Timotsseum
1828 4286 1847 4314 ,
1915 4234 2014 4302 sic
2056 4232 2310 4327 ‘dicens
2345 4232 2427 4301 *ε
2480 4237 2647 4303 Nam
2702 4234 2908 4304 etiam
2969 4231 3151 4325 apud

612 4319 803 4410 ipsos
850 4344 886 4389 a
939 4328 1070 4392 Deo
1117 4323 1379 4392 afflatos
1426 4345 1783 4393 sacrorum
1855 4321 2204 4393 Antistites
2232 4374 2248 4403 ,
2311 4321 2592 4409 quaudo
2653 4342 2780 4393 nos
2827 4343 3145 4412 quoque,

668 4445 695 4473 ⁸
722 4448 788 4487 De
809 4446 909 4486 mo.
931 4448 1199 4495 Non-inibunt,
1227 4459 1267 4489 c.
1288 4458 1352 4490 ιιι.
