3308 5004
620 323 750 390 ὕοι
908 357 919 364 -
1272 337 1355 386 ιιι
1396 339 1457 386 s.
1508 336 1778 388 cumo
1823 339 2092 387 amr.
2142 337 2338 387 ιιιτ.
2753 318 2946 387 Auo.
3005 319 3108 386 25

530 421 869 492 Dominus
910 420 1049 490 vim
1086 420 1359 491 virtutis
1386 442 1553 490 suae
1582 421 1734 491 suis
1761 420 2115 496 fidelibus,
2144 435 2224 489 ut
2249 419 2564 506 undique
2593 417 2760 489 illuc
2883 418 3112 509 pulo—

528 532 686 581 rum
736 509 1251 580 confluentibus
1296 501 1546 586 turbis,
1597 510 1807 578 variis
1833 509 2130 579 detentis
2167 507 2628 599 languoribus
2659 530 2705 577 n
2813 531 2852 577 a
2888 506 3108 578 diffi-

529 598 756 671 cultas
782 611 963 668 esset
998 599 1069 667 in
1108 597 1527 668 conferenda
1555 619 1674 669 sos
1723 598 1886 668 itate
1913 620 2158 667 eorum
2189 598 2652 667 orationibus.

617 689 656 776 ξ
700 692 797 760 6.
848 688 1140 758 Veniens
1184 688 1419 776 itaque
1463 709 1619 758 sace
1705 709 1788 758 os
1832 693 1922 757 Ca
1976 687 2176 766 itolii,
2226 687 2508 755 nomine
2555 685 2891 788 Lupulus,
2947 687 3096 775 qui

530 777 672 848 ritu
720 777 1111 868 paganismi
1158 776 1577 868 fungebatur
1619 776 1849 846 officio
1897 710 2018 845 illo
2058 775 2474 846 sacerdotali
2525 776 2926 856 vanissimo,
2982 797 3112 844 ro-

531 866 715 958 gavit
760 881 839 936 ut
884 867 1341 936 instrueretur
1384 889 1427 935 a
1471 867 1732 937 sanctis
1779 865 2227 955 martyribus,
2277 878 2346 933 et
2393 865 2878 956 baptizaretur.
2920 868 3114 934 Erat

530 956 716 1026 enim
766 977 1039 1024 caecus.
1091 954 1214 1025 Cui
1260 954 1617 1024 dixerunt:
1672 955 1744 1024 si
1788 953 2168 1024 credideris
2211 976 2294 1023 ex
2341 967 2480 1023 toto
2525 952 2754 1032 corde.
2814 952 3104 1021 illumi·

532 1043 857 1124 naberiS,
906 1057 977 1113 et
1021 1044 1157 1112 vita
1202 1057 1481 1112 aeterna
1528 1044 1896 1113 nobiseum
1947 1043 2222 1113 frueris.
2293 1042 2670 1132 Respondit
2727 1041 3102 1131 Lupulus:

532 1138 672 1224 Ego
717 1132 981 1220 absque
1027 1132 1172 1201 ulla
1218 1132 1673 1223 ambiguitate
1717 1131 1926 1201 credo
1964 1132 2034 1200 in
2068 1154 2276 1219 quem
2309 1154 2428 1201 vos
2464 1131 2769 1211 creditis,
2805 1153 2935 1199 nec
2973 1132 3104 1200 ul-

534 1222 805 1291 latenus
850 1220 1058 1310 cupio
1104 1222 1409 1309 separari
1461 1244 1502 1289 a
1551 1222 1768 1291 vobis.
1823 1220 1984 1290 Ideo
2028 1221 2214 1289 enim
2258 1220 2343 1289 ad
2404 1242 2524 1291 vos
2580 1218 2898 1310 confugi,
2963 1219 3105 1289 de-

532 1309 847 1381 siderans
895 1309 1249 1379 vobiscum
1302 1310 1371 1378 in
1423 1309 1535 1379 his
1584 1309 1886 1380 vinculis
1932 1331 2054 1399 pro
2100 1330 2335 1378 amore
2382 1305 2628 1378 Christi
2666 1309 3098 1398 mancipari.

530 1399 655 1469 His
699 1399 983 1478 auditiS,
1020 1397 1383 1468 confestim
1424 1398 1788 1478 miserunt,
1831 1412 1897 1469 et
1935 1411 2350 1489 rogaverunt
2378 1397 2464 1466 ad
2500 1420 2576 1466 se
2617 1397 3095 1466 venerabilem

535 1488 867 1559 Rufinum
919 1488 1397 1577 presbyterum
1445 1489 1702 1557 venire.
1755 1488 1884 1570 Qui
1936 1488 2216 1557 veniens
2253 1487 2340 1556 ad
2374 1508 2744 1566 carcerem,
2779 1486 3106 1555 catechi-

534 1578 711 1647 zavit
752 1589 819 1646 et
864 1576 1233 1668 baptizarit
1276 1598 1464 1646 eum.
1513 1582 1706 1646 Tunc
1737 1578 1968 1646 subito
1997 1577 2088 1646 ab
2118 1575 2342 1646 oculis
2378 1576 2536 1663 ejus
2561 1575 2785 1665 caligo
2816 1573 3100 1644 disces·

534 1667 627 1737 sit
669 1678 735 1735 et
781 1664 1018 1734 lumen
1069 1665 1318 1735 Christi
1367 1665 1438 1733 in
1486 1665 1945 1736 eis-emicuit.
1996 1671 2189 1735 'l'unc
2234 1686 2610 1735 accurrens
2652 1675 2890 1734 custos
2925 1686 3100 1734 ear-

534 1756 735 1836 ceris,
786 1767 856 1824 et
902 1753 1141 1824 videns
1188 1752 1607 1824 illustratum
1659 1776 1963 1844 superno
2011 1753 2300 1832 lumine,
2357 1754 2482 1840 qui
2534 1753 2739 1822 annis
2786 1766 3104 1839 quatuor

536 1866 783 1914 caecus
828 1843 1074 1924 fuerat,
1128 1842 1319 1913 misit
1365 1864 1437 1911 se
1483 1842 1569 1911 ad
1625 1843 1832 1934 pedes
1879 1857 2302 1922 sanctorum,
2374 1856 2441 1911 et
2493 1855 2570 1911 ut
2623 1842 3105 1930 baptizaretur

539 1931 825 2024 rogavit.
877 1937 1094 2013 Quem
1143 1931 1330 2001 illico
1362 1931 1606 2001 beatus
1652 1933 1951 2002 Rufinus
1987 1954 2184 2001 sacro
2213 1931 2626 2019 baptismate
2663 1930 3093 2020 purificavit,

537 2041 837 2107 eumque
901 2020 1117 2090 armis
1176 2019 1339 2089 fidei
1411 2020 1732 2090 munivit.
1801 2021 2052 2090 Abiens
2112 2019 2468 2099 Vitellius,
2522 2020 2866 2089 intimavit
2918 2020 3114 2107 Regi·

539 2109 798 2188 omnia,
849 2130 1030 2195 quae
1074 2131 1114 2178 a
1162 2108 1421 2179 sanctis
1466 2122 1656 2200 gesta
1701 2122 1899 2179 erant
1928 2165 1945 2192 ,
1994 2109 2295 2197 qualiter
2339 2122 2782 2199 superassent
2848 2109 3101 2176 omnia

540 2208 1037 2268 tormentorum
1088 2210 1483 2289 genera‚,et
1527 2198 1878 2285 quomodo
1924 2197 2502 2288 contempsissent
2548 2197 2685 2266 diis
2725 2196 2950 2266 libare
2977 2220 3103 2266 sa·

538 2285 825 2366 crificia,
874 2286 1307 2375 qualiterque
1356 2286 1752 2374 loqueretur
1795 2287 2134 2358 Eusebius
2179 2287 2329 2356 sine
2361 2285 2625 2377 lingua.
2660 2285 2782 2354 Cui
2816 2286 2912 2354 ita
2948 2291 3108 2356 Rex?

537 2375 666 2446 ait:
719 2375 1052 2465 Extingue
1097 2397 1239 2446 eos.
1290 2377 1419 2459 Qui
1461 2376 1722 2462 jubens
1770 2375 2070 2446 tribunal
2126 2377 2521 2476 praeparari
2569 2374 2698 2445 sibi
2733 2428 2750 2454 ,
2802 2387 2868 2444 et
2933 2374 3101 2446 illos

537 2463 904 2547 introduci,
958 2464 1089 2535 ait:
1141 2465 1385 2536 Afferte
1434 2464 1803 2555 tripodam,
1858 2477 1933 2534 ut
1965 2464 2356 2535 sacrificent
2391 2464 2486 2533 hi.
2532 2469 2607 2534 At
2641 2463 2740 2533 illi
2772 2485 3097 2564 expuen-

540 2566 639 2624 tes
683 2567 1246 2645 contempserunt
1290 2578 1477 2626 eum.
1530 2557 1741 2645 Cujus
1779 2556 1985 2624 etiam
2017 2575 2137 2624 cor
2170 2554 2652 2644 impoenitens,
2694 2552 3096 2634 admiranS,

537 2641 781 2715 beatus
827 2643 1165 2715 Eusebius
1211 2644 1338 2713 ait:
1391 2648 1443 2715 Ο
1494 2645 1725 2724 miser,
1777 2644 1982 2733 cujus
2017 2665 2137 2713 cor
2171 2656 2276 2713 est
2313 2642 2510 2713 sedes
2541 2647 2856 2712 Satanae.
2897 2646 3100 2712 Tunc

539 2731 850 2802 Vitellius
896 2731 1055 2804 fecit
1100 2755 1217 2802 eos
1261 2747 1422 2802 ante
1464 2733 2056 2823 amphitheatrum
2108 2731 2375 2802 tamdiu
2424 2731 2804 2822 plumbatis
2838 2733 3097 2801 acriter

539 2821 758 2903 caedi,
810 2820 1029 2891 donec
1069 2822 1391 2911 spiritum
1431 2821 1800 2891 exalarent.
1845 2827 2152 2905 Quorum
2194 2842 2484 2911 corpora
2517 2819 2758 2890 beatus
2791 2820 3089 2891 Rufinus

540 2909 838 3002 collegit,
866 2923 931 2980 et
957 2931 1091 2980 non
1123 2910 1325 3001 longe
1348 2910 1437 2981 ab
1470 2909 1637 2980 urbe
1664 2915 1882 2981 Roma
1903 2909 2236 3002 sepelivit,
2263 2917 2304 2979 8
2331 2907 2606 2979 Calend.
2638 2910 3080 2998 Septembris

811 3118 1427 3300 minumum
1496 3197 1579 3297 S.
1652 3197 2052 3299 GENEsu
2130 3197 2835 3299 ARELATENsns

1173 3438 1459 3489 AUCTORE
1505 3442 1565 3488 B·
1617 3440 1891 3488 PAULINO
1940 3438 2138 3487 muse.
2191 3438 2443 3487 NOLANO

1493 3621 1784 3677 Ineunte
1825 3620 1923 3675 1v
1964 3634 2140 3679 saec.

627 3804 666 3891 ᾗ
711 3807 787 3876 1.
841 3802 1175 3875 Genesius
1224 3803 1293 3872 in
1335 3800 1723 3891 juventutis
1771 3803 1941 3883 flore,
1988 3802 2360 3892 primaevo,
2418 3799 2864 3892 provincialis
2907 3802 3097 3872 mili-

541 3892 675 3962 tiae
722 3891 1142 3982 tyrocinium
1193 3892 1519 3982 suscepit,
1571 3912 1721 3960 eam
1774 3890 1982 3959 officii
2033 3904 2296 3982 partem
2349 3891 2579 3961 studio
2626 3895 2693 3959 et
2725 3902 2871 3960 arte
2901 3911 3096 3960 com-

542 3980 808 4072 plexus»,
860 4001 1037 4068 quae
1084 3995 1531 4072 patronorum
1585 3979 1787 4048 verba
1825 3978 1924 4048 vel
1964 4000 2133 4049 nova
2168 3980 2529 4068 signorum
2568 3979 2943 4057 velocitate,
2991 3978 3094 4050 vel

541 4068 876 4151 dexterae,
929 4091 1177 4141 sonum
1229 4069 1415 4138 vocis
1462 4081 1821 4156 aequaret:
1876 4068 2258 4158 spiritalem
2310 4067 2582 4137 futurae
2623 4067 3095 4159 gloriaeima-

594 4158 770 4228 'nem
826 4158 1327 4260 praefigurans,
1381 4169 1459 4227 ut
1502 4157 1621 4244 qui
1667 4170 2030 4247 praecepta
2064 4157 2300 4226 divina
2333 4157 2647 4226 celeriter
2673 4155 2968 4237 audiret,
3013 4177 3093 4226 ea

594 4247 867 4317 delibus
918 4261 1094 4316 notis
1148 4247 1297 4336 piae
1335 4247 1583 4316 mentis
1611 4246 1756 4314 exci
1812 4258 1971 4315 eret.
2010 4245 2270 4316 Accidit
2303 4259 2559 4324 autem,
2595 4257 2697 4325 ut,
2739 4267 2900 4316 cum
2932 4257 3096 4316 ante

544 4334 844 4407 tribunal
869 4335 1250 4425 exceptoris
1274 4335 1678 4425 fungeretur
1703 4267 1956 4417 ‘officim
1996 4334 2256 4424 injusto
2288 4346 2491 4422 atque
2524 4334 2864 4425 sacrilego
2897 4353 3090 4404 man·

542 4422 702 4494 dato
752 4422 1249 4513 persecutionis
1287 4423 1489 4513 Jussa
1535 4422 1925 4513 ederentur,
1979 4445 2156 4511 quae
2205 4423 2491 4495 devotus
2532 4428 2665 4494 Deo
2701 4421 3092 4515 repudiaret
