3308 5004
217 322 422 389 ΑΗΕ.»
457 322 552 390 30
1010 339 1196 387 nit-s.
1247 334 1487 390 urano
1534 336 1734 386 naiso.
1787 334 1975 387 σοαπ.
2556 324 2685 389 777.

218 434 450 497 tamen
497 445 655 496 raro
699 421 995 512 evenit),
1046 433 1125 494 ut
1169 421 1258 493 ad
1308 422 1515 514 Regis
1581 421 1977 493 convivium
2028 422 2388 496 vocaretur
2411 479 2428 507 ,
2473 424 2775 497 intrabat

214 535 380 585 cum
429 535 568 585 uno
613 511 890 593 clerico,
941 522 1062 582 aut
1092 510 1393 594 duobus,
1445 522 1513 581 et
1556 510 1681 581 ubi
1729 508 2096 600 paululum
2146 512 2606 597 reficiebatur,
2658 537 2773 585 ac-

213 601 557 675 celerabat
600 623 820 693 ocyus
865 599 952 671 ad
1002 599 1375 702 legendum
1404 622 1567 670 cum
1617 599 1792 681 suiS,
1827 598 1971 671 sive
1997 598 2088 669 ad
2120 601 2466 674 orandum
2505 603 2767 694 egredi.

304 693 344 780 §
383 695 479 765 8.
533 691 748 782 Cujus
789 687 1126 779 exemplis
1173 688 1525 760 informati
1595 699 1904 779 tempore
1971 687 2095 759 illo
2140 689 2450 781 religiosi
2509 693 2775 781 quique

214 780 458 850 viriae
497 780 862 860 foeminae,
905 777 1483 850 consuetudinem
1531 775 1846 848 fecerunt
1885 798 2008 867 per
2038 789 2254 850 totum
2304 801 2600 861 annum,
2657 803 2774 852 ex-

214 880 412 960 cepta
451 868 859 939 remissione
888 866 1509 958 quinquagesimae
1557 864 1934 948 PaschaliS,
1970 880 2217 953 quarta
2265 880 2333 938 et
2380 880 2568 939 sexta
2616 868 2774 939 sab-

212 958 356 1028 bati
381 956 734 1047 jejunium
783 955 871 1028 ad
917 977 1171 1028 nonam
1218 977 1443 1044 usque
1490 955 1732 1026 horam
1770 954 2130 1046 protelare.
2182 961 2548 1047 Nunquam
2596 957 2774 1027 divi-

214 1046 402 1118 tibus
446 1047 732 1118 honoris
763 1046 906 1116 sive
954 1044 1224 1117 timoris
1270 1045 1516 1137 gratie,
1555 1044 1614 1115 si
1663 1066 1841 1132 quae
1884 1043 2364 1133 deliquissent,
2419 1046 2768 1127 reticebat,

215 1135 337 1208 sed
387 1157 634 1226 aspera
685 1134 841 1206 illos
880 1134 1264 1205 invectione
1324 1133 1737 1225 corrigebat.
1787 1131 2061 1204 Nullam
2114 1135 2511 1226 potentibus
2558 1135 2773 1206 seculi

215 1224 612 1314 pecuniam,
663 1236 945 1314 excepta
993 1222 1433 1295 solummodo
1463 1226 1646 1304 esce,
1684 1222 1741 1295 si
1775 1243 1951 1310 quos
1981 1222 2283 1313 hospitio
2323 1224 2764 1315 suscepisset,

213 1334 529 1401 unquam
577 1311 746 1383 d'are
771 1311 1057 1383 solebat.
1096 1310 1225 1383 Sed
1251 1333 1331 1383 ea
1374 1312 1604 1402 potius
1648 1332 1828 1400 quae
1859 1311 1994 1380 sibi
2027 1334 2068 1381 a
2115 1311 2449 1383 divitibus
2485 1312 2772 1383 donaria

212 1401 672 1494 pecuniarum
723 1400 1220 1490 largiebantur,
1275 1400 1377 1471 vel
1426 1401 1498 1470 in
1536 1422 1714 1472 usus
1746 1421 2159 1502 pauperum,
2190 1413 2267 1472 ut
2305 1401 2636 1482 diximus,
2671 1402 2773 1471 di-

215 1490 605 1581 spergebat,
660 1489 763 1560 vel
813 1489 901 1559 ad
953 1489 1494 1580 redemptionem
1543 1510 1786 1560 eorum
1833 1510 1958 1576 qul
2005 1511 2028 1558 1
2736 1530 2768 1542 -

213 1578 365 1661 diti,
418 1577 891 1669 dispensabat.
945 1578 1250 1667 Denique
1319 1576 1574 1679 multos
1619 1578 1995 1735 quosffvre‘l·
2000 1600 2064 1667 ιφ
2122 1578 2281 1649 dato
2328 1579 2762 1660 redemerat,

213 1667 609 1759 redemptos
653 1666 1095 1757 postmodum
1161 1687 1328 1738 suos
1388 1665 1774 1758 discipulos
1848 1678 2004 1748 ecit,
2057 1679 2262 1755 atque
2308 1668 2396 1739 ad
2452 1668 2771 1739 sacerdo-

214 1756 418 1828 talem
452 1778 675 1844 usque
718 1755 1017 1848 gradum
1065 1753 1450 1826 erudiendo
1487 1767 1695 1844 atque
1740 1754 2165 1827 instituendo
2198 1756 2531 1846 provexit.

303 1848 476 1934 §4-
554 1850 796 1915 Fertur
866 1857 1099 1915 autem
1166 1843 1334 1932 quia
1402 1865 1564 1914 cum
1631 1843 1720 1914 de
1781 1844 2140 1934 provincia
2216 1849 2575 1916 Scotorum
2628 1850 2766 1915 Rex

212 1933 577 2005 oswaldus
620 1934 658 1969 ⁴²
694 1932 1112 2026 postulasset
1143 1932 1553 2014 Antistitem,
1597 1933 1722 2034 qui
1755 1932 1891 2004 sibi
1924 1953 2230 2020 suaeque
2262 1934 2450 2025 genti
2477 1932 2766 2005 verbum

212 2021 375 2093 fidei
426 2022 890 2103 ministraret,
945 2022 1204 2093 missus
1267 2020 1476 2092 fuerit
1541 2043 1770 2112 primo
1837 2020 2022 2092 alius
2086 2022 2487 2094 austerioris
2550 2023 2770 2093 animi

211 2111 339 2181 vir.
392 2112 525 2196 Qui
586 2132 750 2183 cum
798 2110 1212 2199 aliquandiu
1279 2110 1470 2202 genti
1515 2114 1608 2180 An
1667 2109 1893 2181 lorum
1946 2110 2357 2200 praedicans
2408 2111 2505 2181 nil
2558 2111 2767 2202 profi-

209 2212 416 2281 ceret,
459 2222 585 2270 nec
634 2198 929 2270 libenter
957 2199 1320 2272 audiretur
1364 2222 1405 2269 a
1453 2221 1642 2302 popu
1671 2221 1736 2279 o,
1774 2198 2053 2270 redierit
2091 2199 2163 2268 in
2208 2200 2528 2290 patriam,
2566 2214 2768 2287 atque

213 2288 287 2358 in
359 2298 704 2360 conventu
769 2286 1123 2359 seniorum
1202 2287 1535 2369 retulerit,
1587 2288 1755 2377 quia
1825 2287 2000 2358 nihil
2078 2288 2401 2377 prodesse
2460 2287 2771 2358 docendo

211 2378 403 2479 genti
450 2377 536 2447 ad
585 2397 797 2465 quam
851 2376 1108 2448 missus
1177 2389 1322 2448 erat
1396 2377 1751 2467 potuisset,
1804 2398 1886 2446 eo
1930 2376 2117 2464 quod
2174 2389 2407 2461 essent
2453 2375 2771 2446 homines

210 2465 698 2548 indomabileS,
750 2476 816 2538 et
862 2464 1078 2537 durae
1123 2488 1205 2537 ac
1252 2465 1588 2538 barbarae
1622 2464 1898 2536 mentis.
1950 2469 2029 2536 At
2069 2464 2196 2547 illi,
2244 2476 2325 2536 ut
2372 2464 2761 2558 perhibent,

211 2565 580 2628 tractatum
655 2575 988 2657 magnum
1039 2554 1109 2625 in
1160 2555 1500 2637 concilio,
1580 2554 1751 2642 quid
1823 2564 2003 2625 esset
2049 2554 2445 2647 agendum,
2517 2555 2770 2625 habere

209 2657 610 2736 coeperunt,
662 2643 1133 2715 desiderantes
1178 2642 1462 2732 quidem
1509 2643 1723 2734 genti,
1778 2664 1989 2733 quam
2061 2643 2409 2733 petebant,
2465 2642 2761 2714 salutem

209 2755 385 2815 esse,
463 2734 586 2826 sed
657 2755 796 2804 non
855 2745 1128 2823 recepto
1194 2754 1402 2821 quem
1473 2731 1806 2803 miserant
1852 2732 2347 2824 praedicatore,
2426 2732 2761 2804 dolentes.

211 2826 404 2893 Tunc
451 2823 548 2894 ait
593 2821 902 2892 Aidanus
959 2821 1157 2912 (nam
1204 2833 1271 2892 et
1317 2821 1468 2912 ipse
1512 2820 1811 2892 concilio
1883 2820 2240 2910 intererat)
2298 2821 2386 2891 ad
2444 2843 2632 2904 eum,
2684 2821 2769 2892 de

208 2932 349 2998 quo
396 2911 754 3013 agebatur,
807 2909 1279 2981 sacerdotem:
1334 2908 1680 2980 «Videtur
1726 2909 1924 2991 mihi,
1990 2909 2223 2994 frater,
2283 2909 2467 2998 quod
2527 2910 2770 2983 durior

201 2999 398 3090 justo
445 2999 742 3070 indoctis
788 2998 1227 3070 auditoribus
1294 2997 1513 3079 fuisti,
1582 3010 1651 3069 et
1716 3001 1852 3069 non
1902 2998 2005 3069 eis
2059 2999 2257 3088 juxta
2305 3002 2354 3069 A
2404 2998 2762 3070 ostolicam

209 3086 674 3180 disciplinam
706 3089 936 3190 primo
984 3087 1090 3158 lac
1128 3087 1481 3158 doctrinae
1531 3086 1867 3158 mollioris
1901 3088 2288 3178 porrexisti,
2338 3022 2559 3186 Xonec
2595 3110 2767 3178 pau-

209 3176 405 3248 latim
439 3177 726 3248 enutrit1
767 3177 974 3248 verbo
1020 3176 1161 3256 Dei,
1216 3175 1301 3247 ad
1352 3175 1692 3267 capienda
1741 3175 2170 3267 perfectiora,
2207 3190 2276 3246 et
2321 3176 2406 3247 ad
2450 3176 2762 3248 facienda

210 3265 331 3337 Dei
370 3265 782 3337 sublimiora
880 3276 1196 3356 raecepta
1243 3264 1664 3336 sufficerent.
1698 3287 1736 3332 »
1785 3269 1933 3348 Quo
1978 3264 2242 3346 audito,
2279 3265 2597 3336 omnium
2646 3267 2765 3354 qui

208 3353 700 3436 consedebant,
773 3287 875 3424 ad1
912 3354 1142 3445 ipsum
1199 3375 1327 3455 ora
1392 3366 1461 3424 et
1502 3353 1692 3425 oculi
1729 3353 2097 3455 conversi,
2161 3353 2532 3444 diligenter
2594 3354 2763 3443 quid

213 3443 495 3526 diceret,
534 3443 1025 3524 discutiebant,
1079 3455 1146 3514 et
1194 3463 1428 3534 1psum
1476 3463 1627 3516 esse
1673 3441 1966 3535 dignum
2039 3442 2482 3534 Episcopatu,
2533 3443 2765 3533 ipsum

209 3532 298 3604 ad
348 3532 771 3604 erudiendos
836 3530 1235 3603 incredulos
1280 3542 1348 3601 et
1394 3531 1711 3602 indoctos
1782 3531 1959 3602 mitti
2032 3530 2284 3604 debere
2349 3530 2755 3613 decernunt,

208 3621 333 3709 qui
381 3622 605 3713 gratia
679 3621 1144 3702 discretionis,
1213 3641 1390 3709 quae
1461 3620 1794 3692 virtutum
1866 3631 2088 3691 mater
2148 3631 2274 3703 est,
2328 3631 2487 3690 ante
2531 3620 2761 3691 omnia

206 3709 545 3801 probatur
591 3711 931 3782 imbutus.
1017 3709 1263 3797 Sicque
1309 3706 1511 3779 illum
1587 3708 2015 3790 ordinantes,
2079 3708 2166 3779 ad
2218 3707 2762 3800 praedicandum

208 3799 576 3871 miserunt.
630 3799 761 3882 Qui
809 3799 933 3870 ubi
982 3810 1258 3887 tempus
1304 3798 1593 3888 accepit,
1638 3798 1823 3868 sicut
1869 3798 2068 3887 prius
2137 3797 2611 3869 moderamine
2657 3797 2763 3867 di-

207 3887 594 3968 scretionis,
642 3887 739 3957 ita
784 3886 1228 3989 postmodum
1259 3898 1327 3957 et
1353 3887 1644 3959 caeteris
1668 3886 2044 3958 virtutibus
2083 3899 2372 3958 ornatus
2410 3885 2759 3978 apparuit.

295 3977 336 4132 q
378 3979 470 4049 ὅ.
521 3976 749 4067 Hujus
793 3976 1010 4068 igitur
1077 3975 1639 4047 reverendissimi
1699 3974 2036 4048 Antistitis
2080 3975 2398 4047 doctrina
2453 3980 2591 4048 Rex
2638 3979 2760 4047 Os·-

208 4083 318 4133 wa
343 4063 503 4148 dus,
553 4087 716 4136 cum
767 4085 848 4134 ea
911 4064 1027 4135 cui
1088 4078 1401 4156 praeerat
1462 4078 1665 4156 gente
1726 4063 2133 4156 Anglorum‚
2184 4063 2573 4146 institutus,
2624 4086 2760 4135 non

208 4150 437 4222 solum
503 4153 857 4244 incognita
935 4153 1495 4244 progenitoribus
1564 4154 1717 4224 suis
1788 4174 2000 4244 regna
2065 4152 2414 4226 coelorum
2488 4175 2764 4246 sperare

208 4237 477 4325 didicit,
531 4243 647 4314 sed
698 4253 765 4314 et
811 4263 1022 4334 regna
1057 4253 1423 4324 terrarum,
1462 4240 1834 4333 plusquam
1883 4241 2014 4314 ulli
2049 4243 2392 4333 majorum
2444 4263 2756 4322 suorum,

207 4398 509 4507 cen-ngyst·
536 4404 638 4456 huj.
667 4405 710 4446 Β.
737 4404 880 4455 Regu
906 4403 1048 4456 plur·
1073 4405 1333 4445 occurrunt
1361 4403 1489 4444 cire·
1501 4403 1558 4445 fl.
1577 4403 1821 4446 Amanum.
1843 4401 1957 4445 Vide
1975 4404 2035 4445 ai
2054 4401 2179 4448 diem
2198 4414 2231 4446 v
2247 4405 2363 4456 Aug.
2380 4405 2430 4445 in
2449 4401 2603 4455 Surio.
2619 4415 2666 4456 p.
2690 4406 2765 4446 1⁸13
