<?xml version="1.0" encoding="UTF-8"?>
<!DOCTYPE html PUBLIC "-//W3C//DTD XHTML 1.0 Transitional//EN"
    "http://www.w3.org/TR/xhtml1/DTD/xhtml1-transitional.dtd">
<html xmlns="http://www.w3.org/1999/xhtml" xml:lang="en" lang="en">
 <head>
  <title>
</title>
<meta http-equiv="Content-Type" content="text/html;charset=utf-8" />
  <meta name='ocr-system' content='tesseract 3.04.00' />
  <meta name='ocr-capabilities' content='ocr_page ocr_carea ocr_par ocr_line ocrx_word'/>
</head>
<body>
  <div class='ocr_page' id='page_1' title='image "./historiaeseuvit01lippgoog_0839.png"; bbox 0 0 3308 5004; ppageno 0'>
   <div class='ocr_carea' id='block_1_1' title="bbox 150 294 2604 369">
    <p class='ocr_par' dir='ltr' id='par_1_1' title="bbox 150 294 2604 369">
     <span class='ocr_line' id='line_1_1' title="bbox 150 294 2604 369; baseline 0.003 -7"><span class='ocrx_word' id='word_1_1' title='bbox 150 294 330 363; x_wconf 78' lang='lat' dir='ltr'><strong>AUG.</strong></span> <span class='ocrx_word' id='word_1_2' title='bbox 383 295 469 362; x_wconf 84' lang='lat'><strong>30</strong></span> <span class='ocrx_word' id='word_1_3' title='bbox 954 316 1034 363; x_wconf 74' lang='lat' dir='ltr'><strong>nn</strong></span> <span class='ocrx_word' id='word_1_4' title='bbox 1082 317 1139 364; x_wconf 89' lang='lat' dir='ltr'><strong>s.</strong></span> <span class='ocrx_word' id='word_1_5' title='bbox 1192 316 1444 366; x_wconf 64' lang='lat' dir='ltr'><strong>Fucino</strong></span> <span class='ocrx_word' id='word_1_6' title='bbox 1491 317 1890 367; x_wconf 71' lang='lat' dir='ltr'><strong>cournssons</strong></span> <span class='ocrx_word' id='word_1_7' title='bbox 2476 295 2604 369; x_wconf 68' lang='lat'><strong>745</strong></span> 
     </span>
    </p>
   </div>
   <div class='ocr_carea' id='block_1_2' title="bbox 143 399 2698 1114">
    <p class='ocr_par' dir='ltr' id='par_1_2' title="bbox 143 399 2698 1114">
     <span class='ocr_line' id='line_1_2' title="bbox 148 399 2692 493; baseline 0.002 -23"><span class='ocrx_word' id='word_1_8' title='bbox 148 399 454 470; x_wconf 88' lang='lat' dir='ltr'><strong>roborari</strong></span> <span class='ocrx_word' id='word_1_9' title='bbox 501 420 580 470; x_wconf 81' lang='lat' dir='ltr'><strong>ac</strong></span> <span class='ocrx_word' id='word_1_10' title='bbox 629 399 1029 472; x_wconf 84' lang='lat' dir='ltr'><strong>confirmari</strong></span> <span class='ocrx_word' id='word_1_11' title='bbox 1075 416 1388 493; x_wconf 75' lang='lat' dir='ltr'>oportere</span> <span class='ocrx_word' id='word_1_12' title='bbox 1421 458 1438 485; x_wconf 93' lang='lat'><strong>,</strong></span> <span class='ocrx_word' id='word_1_13' title='bbox 1490 414 1568 474; x_wconf 92' lang='lat' dir='ltr'><strong>ut</strong></span> <span class='ocrx_word' id='word_1_14' title='bbox 1613 402 1894 493; x_wconf 90' lang='lat' dir='ltr'><strong>quando</strong></span> <span class='ocrx_word' id='word_1_15' title='bbox 1944 403 2074 473; x_wconf 89' lang='lat' dir='ltr'><strong>hoc</strong></span> <span class='ocrx_word' id='word_1_16' title='bbox 2123 402 2242 474; x_wconf 92' lang='lat' dir='ltr'><strong>ille</strong></span> <span class='ocrx_word' id='word_1_17' title='bbox 2290 413 2518 475; x_wconf 89' lang='lat' dir='ltr'><strong>ratum</strong></span> <span class='ocrx_word' id='word_1_18' title='bbox 2570 404 2692 474; x_wconf 92' lang='lat' dir='ltr'><strong>ha-</strong></span> 
     </span>
     <span class='ocr_line' id='line_1_3' title="bbox 148 488 2697 584; baseline 0.001 -25"><span class='ocrx_word' id='word_1_19' title='bbox 148 490 354 571; x_wconf 90' lang='lat' dir='ltr'><strong>beret,</strong></span> <span class='ocrx_word' id='word_1_20' title='bbox 405 500 473 559; x_wconf 91' lang='lat' dir='ltr'><strong>et</strong></span> <span class='ocrx_word' id='word_1_21' title='bbox 519 488 783 579; x_wconf 89' lang='lat' dir='ltr'><strong>religio,</strong></span> <span class='ocrx_word' id='word_1_22' title='bbox 820 501 885 561; x_wconf 93' lang='lat' dir='ltr'><strong>et</strong></span> <span class='ocrx_word' id='word_1_23' title='bbox 917 491 1300 562; x_wconf 82' lang='lat' dir='ltr'><strong>beatissimi</strong></span> <span class='ocrx_word' id='word_1_24' title='bbox 1334 492 1622 562; x_wconf 92' lang='lat' dir='ltr'><strong>Bononii</strong></span> <span class='ocrx_word' id='word_1_25' title='bbox 1671 492 2237 563; x_wconf 81' lang='lat' dir='ltr'><strong>commemoratio</strong></span> <span class='ocrx_word' id='word_1_26' title='bbox 2281 493 2530 584; x_wconf 90' lang='lat' dir='ltr'><strong>majori</strong></span> <span class='ocrx_word' id='word_1_27' title='bbox 2563 495 2697 584; x_wconf 84' lang='lat' dir='ltr'><strong>pie·</strong></span> 
     </span>
     <span class='ocr_line' id='line_1_4' title="bbox 149 577 2695 674; baseline 0.002 -27"><span class='ocrx_word' id='word_1_28' title='bbox 149 589 276 648; x_wconf 90' lang='lat' dir='ltr'><strong>tate</strong></span> <span class='ocrx_word' id='word_1_29' title='bbox 314 577 859 649; x_wconf 79' lang='lat' dir='ltr'><strong>celebrarentur.</strong></span> <span class='ocrx_word' id='word_1_30' title='bbox 895 584 1183 650; x_wconf 82' lang='lat' dir='ltr'><strong>Romam</strong></span> <span class='ocrx_word' id='word_1_31' title='bbox 1221 602 1384 672; x_wconf 90' lang='lat' dir='ltr'><strong>ergo</strong></span> <span class='ocrx_word' id='word_1_32' title='bbox 1417 580 1500 650; x_wconf 90' lang='lat' dir='ltr'><strong>ad</strong></span> <span class='ocrx_word' id='word_1_33' title='bbox 1551 587 1890 651; x_wconf 86' lang='lat' dir='ltr'><strong>Joannem</strong></span> <span class='ocrx_word' id='word_1_34' title='bbox 1941 581 2339 652; x_wconf 88' lang='lat' dir='ltr'><strong>Pontificem</strong></span> <span class='ocrx_word' id='word_1_35' title='bbox 2387 583 2545 674; x_wconf 89' lang='lat' dir='ltr'><strong>pius</strong></span> <span class='ocrx_word' id='word_1_36' title='bbox 2586 583 2695 652; x_wconf 91' lang='lat' dir='ltr'><strong>hic</strong></span> 
     </span>
     <span class='ocr_line' id='line_1_5' title="bbox 148 666 2698 760; baseline 0.002 -24"><span class='ocrx_word' id='word_1_37' title='bbox 148 666 444 758; x_wconf 83' lang='lat' dir='ltr'><strong>pontifex</strong></span> <span class='ocrx_word' id='word_1_38' title='bbox 485 667 880 759; x_wconf 80' lang='lat' dir='ltr'><strong>proiectus,</strong></span> <span class='ocrx_word' id='word_1_39' title='bbox 950 681 1343 759; x_wconf 83' lang='lat' dir='ltr'><strong>postquam,</strong></span> <span class='ocrx_word' id='word_1_40' title='bbox 1399 670 1983 753; x_wconf 90' lang='lat' dir='ltr'><strong>commemoratis,</strong></span> <span class='ocrx_word' id='word_1_41' title='bbox 2033 692 2213 760; x_wconf 90' lang='lat' dir='ltr'><strong>quae</strong></span> <span class='ocrx_word' id='word_1_42' title='bbox 2260 669 2348 740; x_wconf 89' lang='lat' dir='ltr'><strong>ad</strong></span> <span class='ocrx_word' id='word_1_43' title='bbox 2397 672 2546 759; x_wconf 87' lang='lat' dir='ltr'><strong>ejus</strong></span> <span class='ocrx_word' id='word_1_44' title='bbox 2595 694 2698 741; x_wconf 92' lang='lat' dir='ltr'><strong>se-</strong></span> 
     </span>
     <span class='ocr_line' id='line_1_6' title="bbox 146 755 2696 857; baseline 0.002 -32"><span class='ocrx_word' id='word_1_45' title='bbox 146 755 463 857; x_wconf 82' lang='lat' dir='ltr'><strong>pulcrum</strong></span> <span class='ocrx_word' id='word_1_46' title='bbox 512 755 919 839; x_wconf 76' lang='lat' dir='ltr'><strong>edebantur,</strong></span> <span class='ocrx_word' id='word_1_47' title='bbox 960 759 1345 838; x_wconf 81' lang='lat' dir='ltr'><strong>miraculis,</strong></span> <span class='ocrx_word' id='word_1_48' title='bbox 1388 757 1475 828; x_wconf 92' lang='lat' dir='ltr'><strong>de</strong></span> <span class='ocrx_word' id='word_1_49' title='bbox 1520 759 1674 849; x_wconf 86' lang='lat' dir='ltr'><strong>ejus</strong></span> <span class='ocrx_word' id='word_1_50' title='bbox 1723 759 2081 831; x_wconf 82' lang='lat' dir='ltr'><strong>sanctitate</strong></span> <span class='ocrx_word' id='word_1_51' title='bbox 2130 759 2338 829; x_wconf 83' lang='lat' dir='ltr'><strong>fidem</strong></span> <span class='ocrx_word' id='word_1_52' title='bbox 2392 760 2559 832; x_wconf 90' lang='lat' dir='ltr'><strong>satis</strong></span> <span class='ocrx_word' id='word_1_53' title='bbox 2599 759 2696 830; x_wconf 91' lang='lat' dir='ltr'><strong>fe-</strong></span> 
     </span>
     <span class='ocr_line' id='line_1_7' title="bbox 144 848 2690 939; baseline 0 -23"><span class='ocrx_word' id='word_1_54' title='bbox 144 856 344 916; x_wconf 83' lang='lat' dir='ltr'><strong>cisset</strong></span> <span class='ocrx_word' id='word_1_55' title='bbox 375 898 396 926; x_wconf 93' lang='lat'><strong>,</strong></span> <span class='ocrx_word' id='word_1_56' title='bbox 449 866 816 916; x_wconf 86' lang='lat' dir='ltr'><strong>assensum</strong></span> <span class='ocrx_word' id='word_1_57' title='bbox 886 848 1118 917; x_wconf 87' lang='lat' dir='ltr'><strong>statim</strong></span> <span class='ocrx_word' id='word_1_58' title='bbox 1169 861 1234 917; x_wconf 92' lang='lat' dir='ltr'><strong>et</strong></span> <span class='ocrx_word' id='word_1_59' title='bbox 1280 848 1851 939; x_wconf 84' lang='lat' dir='ltr'><strong>approbationem</strong></span> <span class='ocrx_word' id='word_1_60' title='bbox 1917 849 2363 939; x_wconf 83' lang='lat' dir='ltr'><strong>impetravit,</strong></span> <span class='ocrx_word' id='word_1_61' title='bbox 2415 871 2499 919; x_wconf 90' lang='lat' dir='ltr'><strong>ac</strong></span> <span class='ocrx_word' id='word_1_62' title='bbox 2548 860 2690 920; x_wconf 89' lang='lat' dir='ltr'><strong>tum</strong></span> 
     </span>
     <span class='ocr_line' id='line_1_8' title="bbox 143 933 2697 1029; baseline 0.001 -25"><span class='ocrx_word' id='word_1_63' title='bbox 143 933 425 1004; x_wconf 89' lang='lat' dir='ltr'><strong>domum</strong></span> <span class='ocrx_word' id='word_1_64' title='bbox 457 956 773 1005; x_wconf 86' lang='lat' dir='ltr'><strong>reversus</strong></span> <span class='ocrx_word' id='word_1_65' title='bbox 803 934 1018 1005; x_wconf 90' lang='lat' dir='ltr'><strong>altare</strong></span> <span class='ocrx_word' id='word_1_66' title='bbox 1049 957 1210 1006; x_wconf 90' lang='lat' dir='ltr'><strong>cum</strong></span> <span class='ocrx_word' id='word_1_67' title='bbox 1244 958 1499 1028; x_wconf 88' lang='lat' dir='ltr'><strong>magna</strong></span> <span class='ocrx_word' id='word_1_68' title='bbox 1516 938 1891 1012; x_wconf 67' lang='lat' dir='ltr'><strong>universae</strong></span> <span class='ocrx_word' id='word_1_69' title='bbox 1931 937 2156 1029; x_wconf 90' lang='lat' dir='ltr'><strong>plebis</strong></span> <span class='ocrx_word' id='word_1_70' title='bbox 2195 937 2455 1009; x_wconf 91' lang='lat' dir='ltr'><strong>laetitia</strong></span> <span class='ocrx_word' id='word_1_71' title='bbox 2482 938 2697 1008; x_wconf 78' lang='lat' dir='ltr'><strong>erexit</strong></span> 
     </span>
     <span class='ocr_line' id='line_1_9' title="bbox 148 1023 2257 1114; baseline 0.001 -21"><span class='ocrx_word' id='word_1_72' title='bbox 148 1044 221 1094; x_wconf 88' lang='lat' dir='ltr'><strong>ac</strong></span> <span class='ocrx_word' id='word_1_73' title='bbox 259 1024 706 1106; x_wconf 88' lang='lat' dir='ltr'><strong>consecravit,</strong></span> <span class='ocrx_word' id='word_1_74' title='bbox 750 1023 1123 1114; x_wconf 81' lang='lat' dir='ltr'><strong>adjuvante</strong></span> <span class='ocrx_word' id='word_1_75' title='bbox 1174 1026 1462 1096; x_wconf 91' lang='lat' dir='ltr'><strong>Domino</strong></span> <span class='ocrx_word' id='word_1_76' title='bbox 1512 1038 1748 1098; x_wconf 89' lang='lat' dir='ltr'><strong>nostro</strong></span> <span class='ocrx_word' id='word_1_77' title='bbox 1774 1026 1937 1098; x_wconf 83' lang='lat' dir='ltr'><strong>Jesu</strong></span> <span class='ocrx_word' id='word_1_78' title='bbox 1969 1026 2257 1098; x_wconf 90' lang='lat' dir='ltr'><strong>Christo.</strong></span> 
     </span>
    </p>
   </div>
   <div class='ocr_carea' id='block_1_3' title="bbox 419 1339 2413 1475">
    <p class='ocr_par' dir='ltr' id='par_1_3' title="bbox 419 1339 2413 1475">
     <span class='ocr_line' id='line_1_10' title="bbox 419 1339 2413 1475; baseline 0.003 -36"><span class='ocrx_word' id='word_1_79' title='bbox 419 1339 651 1441; x_wconf 86' lang='lat' dir='ltr'><strong>VlTA</strong></span> <span class='ocrx_word' id='word_1_80' title='bbox 721 1341 808 1444; x_wconf 90' lang='lat' dir='ltr'><strong>S.</strong></span> <span class='ocrx_word' id='word_1_81' title='bbox 878 1339 1270 1445; x_wconf 85' lang='lat' dir='ltr'><strong>FlACRll</strong></span> <span class='ocrx_word' id='word_1_82' title='bbox 1317 1341 1629 1475; x_wconf 26' lang='lat' dir='ltr'>‘CONR</span> <span class='ocrx_word' id='word_1_83' title='bbox 1701 1344 1821 1444; x_wconf 87' lang='lat' dir='ltr'><strong>ET</strong></span> <span class='ocrx_word' id='word_1_84' title='bbox 1888 1342 2413 1447; x_wconf 82' lang='lat' dir='ltr'><strong>EREMlTAE</strong></span> 
     </span>
    </p>
   </div>
   <div class='ocr_carea' id='block_1_4' title="bbox 315 1596 2518 1758">
    <p class='ocr_par' dir='ltr' id='par_1_4' title="bbox 315 1596 2518 1758">
     <span class='ocr_line' id='line_1_11' title="bbox 315 1596 2518 1651; baseline 0.001 -3"><span class='ocrx_word' id='word_1_85' title='bbox 315 1600 395 1648; x_wconf 80' lang='lat' dir='ltr'><strong>ur</strong></span> <span class='ocrx_word' id='word_1_86' title='bbox 445 1596 737 1649; x_wconf 75' lang='lat' dir='ltr'>HABETUR</span> <span class='ocrx_word' id='word_1_87' title='bbox 796 1600 864 1648; x_wconf 78' lang='lat' dir='ltr'><strong>m</strong></span> <span class='ocrx_word' id='word_1_88' title='bbox 910 1599 1179 1648; x_wconf 67' lang='lat' dir='ltr'><strong>sennem</strong></span> <span class='ocrx_word' id='word_1_89' title='bbox 1227 1598 1451 1650; x_wconf 72' lang='lat' dir='ltr'><strong>comcs</strong></span> <span class='ocrx_word' id='word_1_90' title='bbox 1499 1602 1604 1649; x_wconf 73' lang='lat' dir='ltr'><strong>us.</strong></span> <span class='ocrx_word' id='word_1_91' title='bbox 1665 1599 2007 1650; x_wconf 69' lang='lat' dir='ltr'><strong>nccrsssmt</strong></span> <span class='ocrx_word' id='word_1_92' title='bbox 2065 1600 2518 1651; x_wconf 68' lang='lat' dir='ltr'><strong>rnAszc‘rnnsis</strong></span> 
     </span>
     <span class='ocr_line' id='line_1_12' title="bbox 886 1682 1933 1758; baseline 0.001 -3"><span class='ocrx_word' id='word_1_93' title='bbox 886 1708 1000 1755; x_wconf 73' lang='lat' dir='ltr'><strong>sno</strong></span> <span class='ocrx_word' id='word_1_94' title='bbox 1047 1708 1291 1755; x_wconf 68' lang='lat' dir='ltr'><strong>naman·</strong></span> <span class='ocrx_word' id='word_1_95' title='bbox 1337 1682 1646 1756; x_wconf 76' lang='lat' dir='ltr'><strong>Aucroius</strong></span> <span class='ocrx_word' id='word_1_96' title='bbox 1692 1708 1933 1758; x_wconf 64' lang='lat' dir='ltr'><strong>Nouam.</strong></span> 
     </span>
    </p>
   </div>
   <div class='ocr_carea' id='block_1_5' title="bbox 706 1884 2111 1944">
    <p class='ocr_par' dir='ltr' id='par_1_5' title="bbox 706 1884 2111 1944">
     <span class='ocr_line' id='line_1_13' title="bbox 706 1884 2111 1944; baseline 0.001 -2"><span class='ocrx_word' id='word_1_97' title='bbox 706 1884 894 1943; x_wconf 80' lang='lat' dir='ltr'><strong>Obiit</strong></span> <span class='ocrx_word' id='word_1_98' title='bbox 934 1899 1113 1942; x_wconf 81' lang='lat' dir='ltr'><strong>anno</strong></span> <span class='ocrx_word' id='word_1_99' title='bbox 1157 1885 1285 1941; x_wconf 84' lang='lat'><strong>670</strong></span> <span class='ocrx_word' id='word_1_100' title='bbox 1326 1914 1403 1925; x_wconf 93' lang='lat'><strong>—</strong></span> <span class='ocrx_word' id='word_1_101' title='bbox 1445 1884 1741 1942; x_wconf 67' lang='lat' dir='ltr'><strong>Ratione</strong></span> <span class='ocrx_word' id='word_1_102' title='bbox 1781 1886 2111 1944; x_wconf 75' lang='lat' dir='ltr'><strong>Francus.</strong></span> 
     </span>
    </p>
   </div>
   <div class='ocr_carea' id='block_1_6' title="bbox 119 2083 2757 4485">
    <p class='ocr_par' dir='ltr' id='par_1_6' title="bbox 119 2083 2746 3754">
     <span class='ocr_line' id='line_1_14' title="bbox 228 2083 2692 2175; baseline 0.002 -23"><span class='ocrx_word' id='word_1_103' title='bbox 228 2084 263 2170; x_wconf 69' lang='grc' dir='ltr'>ξ</span> <span class='ocrx_word' id='word_1_104' title='bbox 302 2089 379 2157; x_wconf 77' lang='lat'><strong>1.</strong></span> <span class='ocrx_word' id='word_1_105' title='bbox 433 2087 678 2154; x_wconf 88' lang='lat' dir='ltr'><strong>Beatus</strong></span> <span class='ocrx_word' id='word_1_106' title='bbox 728 2083 1031 2154; x_wconf 85' lang='lat' dir='ltr'><strong>Fiacrius</strong></span> <span class='ocrx_word' id='word_1_107' title='bbox 1079 2104 1160 2152; x_wconf 83' lang='lat' dir='ltr'><strong>ex</strong></span> <span class='ocrx_word' id='word_1_108' title='bbox 1208 2083 1559 2172; x_wconf 84' lang='lat' dir='ltr'><strong>Hybernia</strong></span> <span class='ocrx_word' id='word_1_109' title='bbox 1592 2083 1944 2155; x_wconf 89' lang='lat' dir='ltr'><strong>nobilibus</strong></span> <span class='ocrx_word' id='word_1_110' title='bbox 1993 2096 2185 2157; x_wconf 89' lang='lat' dir='ltr'><strong>ortus</strong></span> <span class='ocrx_word' id='word_1_111' title='bbox 2238 2084 2692 2175; x_wconf 88' lang='lat' dir='ltr'><strong>parentibus,</strong></span> 
     </span>
     <span class='ocr_line' id='line_1_15' title="bbox 142 2170 2692 2273; baseline -0 -29"><span class='ocrx_word' id='word_1_112' title='bbox 142 2171 525 2244; x_wconf 86' lang='lat' dir='ltr'><strong>solitariam</strong></span> <span class='ocrx_word' id='word_1_113' title='bbox 555 2174 760 2242; x_wconf 85' lang='lat' dir='ltr'><strong>vitam</strong></span> <span class='ocrx_word' id='word_1_114' title='bbox 812 2184 1165 2263; x_wconf 90' lang='lat' dir='ltr'><strong>appetens,</strong></span> <span class='ocrx_word' id='word_1_115' title='bbox 1222 2170 1497 2241; x_wconf 88' lang='lat' dir='ltr'><strong>Meldim</strong></span> <span class='ocrx_word' id='word_1_116' title='bbox 1523 2173 1837 2273; x_wconf 75' lang='lat' dir='ltr'><strong>(Mecum)</strong></span> <span class='ocrx_word' id='word_1_117' title='bbox 1865 2174 1950 2242; x_wconf 91' lang='lat' dir='ltr'><strong>ad</strong></span> <span class='ocrx_word' id='word_1_118' title='bbox 2004 2180 2068 2244; x_wconf 88' lang='lat' dir='ltr'><strong>S.</strong></span> <span class='ocrx_word' id='word_1_119' title='bbox 2105 2178 2431 2244; x_wconf 88' lang='lat' dir='ltr'><strong>Faronem</strong></span> <span class='ocrx_word' id='word_1_120' title='bbox 2467 2174 2692 2263; x_wconf 90' lang='lat' dir='ltr'><strong>Episc.</strong></span> 
     </span>
     <span class='ocr_line' id='line_1_16' title="bbox 143 2259 2694 2352; baseline -0.001 -19"><span class='ocrx_word' id='word_1_121' title='bbox 143 2284 306 2333; x_wconf 90' lang='lat' dir='ltr'><strong>cum</strong></span> <span class='ocrx_word' id='word_1_122' title='bbox 359 2261 780 2349; x_wconf 89' lang='lat' dir='ltr'><strong>quibusdam</strong></span> <span class='ocrx_word' id='word_1_123' title='bbox 834 2261 1038 2331; x_wconf 88' lang='lat' dir='ltr'><strong>sociis</strong></span> <span class='ocrx_word' id='word_1_124' title='bbox 1086 2259 1387 2330; x_wconf 89' lang='lat' dir='ltr'><strong>advenit.</strong></span> <span class='ocrx_word' id='word_1_125' title='bbox 1440 2266 1648 2351; x_wconf 75' lang='lat' dir='ltr'><strong>Cujus</strong></span> <span class='ocrx_word' id='word_1_126' title='bbox 1698 2261 2119 2332; x_wconf 90' lang='lat' dir='ltr'><strong>desiderium</strong></span> <span class='ocrx_word' id='word_1_127' title='bbox 2183 2284 2341 2332; x_wconf 87' lang='lat' dir='ltr'><strong>curn</strong></span> <span class='ocrx_word' id='word_1_128' title='bbox 2398 2261 2694 2352; x_wconf 83' lang='lat' dir='ltr'><strong>pontifex</strong></span> 
     </span>
     <span class='ocr_line' id='line_1_17' title="bbox 142 2349 2696 2442; baseline -0.002 -21"><span class='ocrx_word' id='word_1_129' title='bbox 142 2351 619 2442; x_wconf 82' lang='lat' dir='ltr'><strong>cognovisset,</strong></span> <span class='ocrx_word' id='word_1_130' title='bbox 675 2350 906 2421; x_wconf 88' lang='lat' dir='ltr'><strong>locum</strong></span> <span class='ocrx_word' id='word_1_131' title='bbox 955 2350 1016 2418; x_wconf 94' lang='lat' dir='ltr'><strong>ei</strong></span> <span class='ocrx_word' id='word_1_132' title='bbox 1075 2349 1143 2418; x_wconf 92' lang='lat' dir='ltr'><strong>in</strong></span> <span class='ocrx_word' id='word_1_133' title='bbox 1198 2351 1477 2418; x_wconf 81' lang='lat' dir='ltr'><strong>nemore</strong></span> <span class='ocrx_word' id='word_1_134' title='bbox 1524 2349 1608 2419; x_wconf 92' lang='lat' dir='ltr'><strong>ad</strong></span> <span class='ocrx_word' id='word_1_135' title='bbox 1661 2373 1733 2420; x_wconf 92' lang='lat' dir='ltr'><strong>se</strong></span> <span class='ocrx_word' id='word_1_136' title='bbox 1777 2372 1857 2420; x_wconf 83' lang='lat' dir='ltr'><strong>ex</strong></span> <span class='ocrx_word' id='word_1_137' title='bbox 1931 2350 2207 2442; x_wconf 90' lang='lat' dir='ltr'><strong>proprio</strong></span> <span class='ocrx_word' id='word_1_138' title='bbox 2279 2350 2696 2440; x_wconf 87' lang='lat' dir='ltr'><strong>patrimonio</strong></span> 
     </span>
     <span class='ocr_line' id='line_1_18' title="bbox 145 2436 2698 2532; baseline -0.001 -22"><span class='ocrx_word' id='word_1_139' title='bbox 145 2440 628 2532; x_wconf 82' lang='lat' dir='ltr'><strong>pertinentem,</strong></span> <span class='ocrx_word' id='word_1_140' title='bbox 668 2440 950 2510; x_wconf 89' lang='lat' dir='ltr'><strong>nomine</strong></span> <span class='ocrx_word' id='word_1_141' title='bbox 983 2436 1811 2529; x_wconf 74' lang='lat' dir='ltr'><strong>Brodoliumassignavit,</strong></span> <span class='ocrx_word' id='word_1_142' title='bbox 1844 2438 2307 2526; x_wconf 88' lang='lat' dir='ltr'><strong>eumdemque</strong></span> <span class='ocrx_word' id='word_1_143' title='bbox 2347 2438 2517 2517; x_wconf 85' lang='lat' dir='ltr'><strong>illuc</strong></span> <span class='ocrx_word' id='word_1_144' title='bbox 2549 2460 2698 2528; x_wconf 92' lang='lat' dir='ltr'><strong>per-</strong></span> 
     </span>
     <span class='ocr_line' id='line_1_19' title="bbox 141 2526 2691 2610; baseline -0.002 -11"><span class='ocrx_word' id='word_1_145' title='bbox 141 2530 363 2599; x_wconf 85' lang='lat' dir='ltr'><strong>duxit.</strong></span> <span class='ocrx_word' id='word_1_146' title='bbox 404 2529 715 2600; x_wconf 83' lang='lat' dir='ltr'><strong>Fiacrius</strong></span> <span class='ocrx_word' id='word_1_147' title='bbox 763 2541 1018 2610; x_wconf 90' lang='lat' dir='ltr'><strong>autem,</strong></span> <span class='ocrx_word' id='word_1_148' title='bbox 1069 2526 1309 2599; x_wconf 89' lang='lat' dir='ltr'><strong>evulso</strong></span> <span class='ocrx_word' id='word_1_149' title='bbox 1358 2549 1659 2609; x_wconf 89' lang='lat' dir='ltr'><strong>nemore,</strong></span> <span class='ocrx_word' id='word_1_150' title='bbox 1709 2529 2202 2598; x_wconf 88' lang='lat' dir='ltr'><strong>monasterium</strong></span> <span class='ocrx_word' id='word_1_151' title='bbox 2241 2529 2309 2596; x_wconf 91' lang='lat' dir='ltr'><strong>in</strong></span> <span class='ocrx_word' id='word_1_152' title='bbox 2362 2529 2691 2598; x_wconf 76' lang='lat' dir='ltr'><strong>honorem</strong></span> 
     </span>
     <span class='ocr_line' id='line_1_20' title="bbox 134 2616 2694 2708; baseline -0 -21"><span class='ocrx_word' id='word_1_153' title='bbox 134 2623 210 2688; x_wconf 92' lang='lat' dir='ltr'><strong>B.</strong></span> <span class='ocrx_word' id='word_1_154' title='bbox 268 2618 516 2689; x_wconf 85' lang='lat' dir='ltr'><strong>Mariae</strong></span> <span class='ocrx_word' id='word_1_155' title='bbox 569 2619 686 2688; x_wconf 89' lang='lat' dir='ltr'><strong>Vir</strong></span> <span class='ocrx_word' id='word_1_156' title='bbox 741 2672 755 2687; x_wconf 89' lang='lat'><strong>.</strong></span> <span class='ocrx_word' id='word_1_157' title='bbox 808 2616 1213 2701; x_wconf 83' lang='lat' dir='ltr'><strong>construxit,</strong></span> <span class='ocrx_word' id='word_1_158' title='bbox 1274 2627 1340 2685; x_wconf 93' lang='lat' dir='ltr'><strong>et</strong></span> <span class='ocrx_word' id='word_1_159' title='bbox 1386 2617 1704 2708; x_wconf 86' lang='lat' dir='ltr'><strong>exiguam</strong></span> <span class='ocrx_word' id='word_1_160' title='bbox 1756 2617 2040 2687; x_wconf 86' lang='lat' dir='ltr'><strong>domum</strong></span> <span class='ocrx_word' id='word_1_161' title='bbox 2108 2617 2390 2689; x_wconf 88' lang='lat' dir='ltr'><strong>seorsim</strong></span> <span class='ocrx_word' id='word_1_162' title='bbox 2444 2616 2694 2686; x_wconf 86' lang='lat' dir='ltr'><strong>aedifi-</strong></span> 
     </span>
     <span class='ocr_line' id='line_1_21' title="bbox 133 2641 2687 2794; baseline -0 -18"><span class='ocrx_word' id='word_1_163' title='bbox 133 2708 337 2788; x_wconf 84' lang='lat' dir='ltr'><strong>cavit,</strong></span> <span class='ocrx_word' id='word_1_164' title='bbox 391 2707 461 2776; x_wconf 93' lang='lat' dir='ltr'><strong>in</strong></span> <span class='ocrx_word' id='word_1_165' title='bbox 501 2729 638 2794; x_wconf 92' lang='lat' dir='ltr'><strong>qua</strong></span> <span class='ocrx_word' id='word_1_166' title='bbox 688 2641 814 2776; x_wconf 55' lang='lat' dir='ltr'><strong>lios</strong></span> <span class='ocrx_word' id='word_1_167' title='bbox 871 2708 993 2776; x_wconf 90' lang='lat' dir='ltr'><strong>ites</strong></span> <span class='ocrx_word' id='word_1_168' title='bbox 1043 2704 1490 2794; x_wconf 89' lang='lat' dir='ltr'><strong>suscipiebat;</strong></span> <span class='ocrx_word' id='word_1_169' title='bbox 1543 2718 1607 2776; x_wconf 93' lang='lat' dir='ltr'><strong>et</strong></span> <span class='ocrx_word' id='word_1_170' title='bbox 1641 2705 1728 2775; x_wconf 93' lang='lat' dir='ltr'><strong>de</strong></span> <span class='ocrx_word' id='word_1_171' title='bbox 1772 2706 1883 2775; x_wconf 91' lang='lat' dir='ltr'><strong>die</strong></span> <span class='ocrx_word' id='word_1_172' title='bbox 1915 2706 1984 2775; x_wconf 94' lang='lat' dir='ltr'><strong>in</strong></span> <span class='ocrx_word' id='word_1_173' title='bbox 2026 2706 2214 2775; x_wconf 91' lang='lat' dir='ltr'><strong>diem</strong></span> <span class='ocrx_word' id='word_1_174' title='bbox 2268 2706 2503 2775; x_wconf 87' lang='lat' dir='ltr'><strong>virtuti</strong></span> <span class='ocrx_word' id='word_1_175' title='bbox 2545 2718 2687 2775; x_wconf 91' lang='lat' dir='ltr'><strong>stu·</strong></span> 
     </span>
     <span class='ocr_line' id='line_1_22' title="bbox 119 2793 2693 2885; baseline 0 -22"><span class='ocrx_word' id='word_1_176' title='bbox 119 2795 332 2878; x_wconf 80' lang='lat' dir='ltr'><strong>dens,</strong></span> <span class='ocrx_word' id='word_1_177' title='bbox 377 2794 449 2864; x_wconf 94' lang='lat' dir='ltr'><strong>in</strong></span> <span class='ocrx_word' id='word_1_178' title='bbox 499 2801 632 2865; x_wconf 90' lang='lat' dir='ltr'><strong>Deo</strong></span> <span class='ocrx_word' id='word_1_179' title='bbox 682 2817 803 2885; x_wconf 91' lang='lat' dir='ltr'><strong>pro</strong></span> <span class='ocrx_word' id='word_1_180' title='bbox 859 2795 1103 2874; x_wconf 88' lang='lat' dir='ltr'><strong>ciebat,</strong></span> <span class='ocrx_word' id='word_1_181' title='bbox 1159 2793 1295 2862; x_wconf 90' lang='lat' dir='ltr'><strong>sibi</strong></span> <span class='ocrx_word' id='word_1_182' title='bbox 1356 2793 1551 2864; x_wconf 88' lang='lat' dir='ltr'><strong>valde</strong></span> <span class='ocrx_word' id='word_1_183' title='bbox 1600 2809 1942 2876; x_wconf 90' lang='lat' dir='ltr'><strong>austerus,</strong></span> <span class='ocrx_word' id='word_1_184' title='bbox 1986 2807 2051 2865; x_wconf 90' lang='lat' dir='ltr'><strong>et</strong></span> <span class='ocrx_word' id='word_1_185' title='bbox 2097 2793 2281 2882; x_wconf 91' lang='lat' dir='ltr'><strong>quod</strong></span> <span class='ocrx_word' id='word_1_186' title='bbox 2333 2794 2693 2864; x_wconf 84' lang='lat' dir='ltr'><strong>sibisub—</strong></span> 
     </span>
     <span class='ocr_line' id='line_1_23' title="bbox 132 2882 2694 2975; baseline -0.001 -21"><span class='ocrx_word' id='word_1_187' title='bbox 132 2884 470 2966; x_wconf 90' lang='lat' dir='ltr'><strong>trahebat,</strong></span> <span class='ocrx_word' id='word_1_188' title='bbox 529 2884 909 2975; x_wconf 85' lang='lat' dir='ltr'><strong>peregrinis</strong></span> <span class='ocrx_word' id='word_1_189' title='bbox 977 2896 1041 2952; x_wconf 92' lang='lat' dir='ltr'><strong>et</strong></span> <span class='ocrx_word' id='word_1_190' title='bbox 1091 2883 1517 2971; x_wconf 89' lang='lat' dir='ltr'><strong>pauperibus</strong></span> <span class='ocrx_word' id='word_1_191' title='bbox 1580 2885 1928 2974; x_wconf 83' lang='lat' dir='ltr'><strong>erogabat.</strong></span> <span class='ocrx_word' id='word_1_192' title='bbox 2003 2886 2208 2952; x_wconf 76' lang='lat' dir='ltr'><strong>Fama</strong></span> <span class='ocrx_word' id='word_1_193' title='bbox 2272 2883 2486 2972; x_wconf 89' lang='lat' dir='ltr'><strong>igitur</strong></span> <span class='ocrx_word' id='word_1_194' title='bbox 2537 2882 2694 2971; x_wconf 86' lang='lat' dir='ltr'><strong>ejus</strong></span> 
     </span>
     <span class='ocr_line' id='line_1_24' title="bbox 133 2971 2689 3064; baseline -0.001 -20"><span class='ocrx_word' id='word_1_195' title='bbox 133 2972 520 3044; x_wconf 89' lang='lat' dir='ltr'><strong>sanctitatis</strong></span> <span class='ocrx_word' id='word_1_196' title='bbox 569 2972 768 3064; x_wconf 91' lang='lat' dir='ltr'><strong>longe</strong></span> <span class='ocrx_word' id='word_1_197' title='bbox 801 2972 1068 3059; x_wconf 89' lang='lat' dir='ltr'><strong>lateque</strong></span> <span class='ocrx_word' id='word_1_198' title='bbox 1098 2984 1470 3060; x_wconf 88' lang='lat' dir='ltr'><strong>comperta,</strong></span> <span class='ocrx_word' id='word_1_199' title='bbox 1494 2993 1736 3043; x_wconf 89' lang='lat' dir='ltr'><strong>omnes</strong></span> <span class='ocrx_word' id='word_1_200' title='bbox 1788 2973 2027 3042; x_wconf 83' lang='lat' dir='ltr'><strong>robore</strong></span> <span class='ocrx_word' id='word_1_201' title='bbox 2061 2971 2331 3060; x_wconf 88' lang='lat' dir='ltr'><strong>privati,</strong></span> <span class='ocrx_word' id='word_1_202' title='bbox 2365 2972 2689 3062; x_wconf 86' lang='lat' dir='ltr'><strong>elingues</strong></span> 
     </span>
     <span class='ocr_line' id='line_1_25' title="bbox 131 3059 2689 3148; baseline -0.001 -17"><span class='ocrx_word' id='word_1_203' title='bbox 131 3061 278 3131; x_wconf 88' lang='lat' dir='ltr'><strong>sive</strong></span> <span class='ocrx_word' id='word_1_204' title='bbox 323 3062 680 3143; x_wconf 88' lang='lat' dir='ltr'><strong>contracti,</strong></span> <span class='ocrx_word' id='word_1_205' title='bbox 740 3075 860 3132; x_wconf 92' lang='lat' dir='ltr'><strong>aut</strong></span> <span class='ocrx_word' id='word_1_206' title='bbox 894 3059 1181 3139; x_wconf 89' lang='lat' dir='ltr'><strong>obsessi,</strong></span> <span class='ocrx_word' id='word_1_207' title='bbox 1235 3072 1355 3129; x_wconf 91' lang='lat' dir='ltr'><strong>aut</strong></span> <span class='ocrx_word' id='word_1_208' title='bbox 1421 3061 1558 3130; x_wconf 91' lang='lat' dir='ltr'><strong>alia</strong></span> <span class='ocrx_word' id='word_1_209' title='bbox 1609 3060 2169 3130; x_wconf 87' lang='lat' dir='ltr'><strong>incommoditate</strong></span> <span class='ocrx_word' id='word_1_210' title='bbox 2225 3059 2529 3144; x_wconf 68' lang='lat' dir='ltr'><strong>detenti„</strong></span> <span class='ocrx_word' id='word_1_211' title='bbox 2565 3062 2689 3148; x_wconf 89' lang='lat' dir='ltr'><strong>qui</strong></span> 
     </span>
     <span class='ocr_line' id='line_1_26' title="bbox 128 3146 2693 3240; baseline -0 -21"><span class='ocrx_word' id='word_1_212' title='bbox 128 3150 219 3219; x_wconf 91' lang='lat' dir='ltr'><strong>ad</strong></span> <span class='ocrx_word' id='word_1_213' title='bbox 271 3172 431 3219; x_wconf 90' lang='lat' dir='ltr'><strong>eum</strong></span> <span class='ocrx_word' id='word_1_214' title='bbox 462 3151 846 3227; x_wconf 83' lang='lat' dir='ltr'><strong>veniebant,</strong></span> <span class='ocrx_word' id='word_1_215' title='bbox 893 3150 994 3219; x_wconf 90' lang='lat' dir='ltr'><strong>vel</strong></span> <span class='ocrx_word' id='word_1_216' title='bbox 1026 3146 1534 3231; x_wconf 88' lang='lat' dir='ltr'><strong>deferebantur,</strong></span> <span class='ocrx_word' id='word_1_217' title='bbox 1571 3148 1716 3219; x_wconf 89' lang='lat' dir='ltr'><strong>sola</strong></span> <span class='ocrx_word' id='word_1_218' title='bbox 1742 3171 1991 3219; x_wconf 84' lang='lat' dir='ltr'><strong>manus</strong></span> <span class='ocrx_word' id='word_1_219' title='bbox 2022 3149 2465 3240; x_wconf 90' lang='lat' dir='ltr'><strong>impositione</strong></span> <span class='ocrx_word' id='word_1_220' title='bbox 2506 3150 2693 3219; x_wconf 90' lang='lat' dir='ltr'><strong>sani-</strong></span> 
     </span>
     <span class='ocr_line' id='line_1_27' title="bbox 129 3237 2689 3328; baseline 0 -20"><span class='ocrx_word' id='word_1_221' title='bbox 129 3238 255 3308; x_wconf 89' lang='lat' dir='ltr'><strong>tati</strong></span> <span class='ocrx_word' id='word_1_222' title='bbox 306 3239 635 3328; x_wconf 84' lang='lat' dir='ltr'><strong>pristinae</strong></span> <span class='ocrx_word' id='word_1_223' title='bbox 669 3238 1155 3309; x_wconf 89' lang='lat' dir='ltr'><strong>reddebantur.</strong></span> <span class='ocrx_word' id='word_1_224' title='bbox 1202 3238 1412 3327; x_wconf 86' lang='lat' dir='ltr'><strong>Cujus</strong></span> <span class='ocrx_word' id='word_1_225' title='bbox 1445 3239 1633 3308; x_wconf 89' lang='lat' dir='ltr'><strong>beata</strong></span> <span class='ocrx_word' id='word_1_226' title='bbox 1678 3238 1914 3327; x_wconf 89' lang='lat' dir='ltr'><strong>opinio</strong></span> <span class='ocrx_word' id='word_1_227' title='bbox 1962 3238 2224 3324; x_wconf 91' lang='lat' dir='ltr'><strong>ubique</strong></span> <span class='ocrx_word' id='word_1_228' title='bbox 2257 3237 2689 3319; x_wconf 89' lang='lat' dir='ltr'><strong>discurrens,</strong></span> 
     </span>
     <span class='ocr_line' id='line_1_28' title="bbox 127 3326 2746 3417; baseline -0.001 -19"><span class='ocrx_word' id='word_1_229' title='bbox 127 3341 450 3398; x_wconf 88' lang='lat' dir='ltr'><strong>sanctum</strong></span> <span class='ocrx_word' id='word_1_230' title='bbox 495 3327 874 3410; x_wconf 89' lang='lat' dir='ltr'><strong>Cillenum,</strong></span> <span class='ocrx_word' id='word_1_231' title='bbox 928 3326 1047 3414; x_wconf 91' lang='lat' dir='ltr'><strong>qui</strong></span> <span class='ocrx_word' id='word_1_232' title='bbox 1096 3346 1177 3394; x_wconf 78' lang='lat' dir='ltr'><strong>ex</strong></span> <span class='ocrx_word' id='word_1_233' title='bbox 1226 3331 1576 3396; x_wconf 87' lang='lat' dir='ltr'><strong>Romanae</strong></span> <span class='ocrx_word' id='word_1_234' title='bbox 1642 3327 2216 3417; x_wconf 84' lang='lat' dir='ltr'><strong>peregrinationis</strong></span> <span class='ocrx_word' id='word_1_235' title='bbox 2267 3327 2511 3397; x_wconf 90' lang='lat' dir='ltr'><strong>itinere</strong></span> <span class='ocrx_word' id='word_1_236' title='bbox 2567 3349 2602 3396; x_wconf 89' lang='lat' dir='ltr'><strong>a</strong></span> <span class='ocrx_word' id='word_1_237' title='bbox 2662 3366 2688 3377; x_wconf 90' lang='lat'>-</span> <span class='ocrx_word' id='word_1_238' title='bbox 2743 3345 2746 3349; x_wconf 69' lang='grc'>“</span> 
     </span>
     <span class='ocr_line' id='line_1_29' title="bbox 127 3412 2690 3507; baseline -0 -22"><span class='ocrx_word' id='word_1_239' title='bbox 127 3414 493 3507; x_wconf 89' lang='lat' dir='ltr'><strong>plicuerat,</strong></span> <span class='ocrx_word' id='word_1_240' title='bbox 530 3416 817 3487; x_wconf 87' lang='lat' dir='ltr'><strong>adduxit</strong></span> <span class='ocrx_word' id='word_1_241' title='bbox 863 3417 947 3486; x_wconf 90' lang='lat' dir='ltr'><strong>ad</strong></span> <span class='ocrx_word' id='word_1_242' title='bbox 987 3412 1361 3485; x_wconf 85' lang='lat' dir='ltr'><strong>videndum</strong></span> <span class='ocrx_word' id='word_1_243' title='bbox 1411 3438 1596 3486; x_wconf 90' lang='lat' dir='ltr'><strong>eum.</strong></span> <span class='ocrx_word' id='word_1_244' title='bbox 1629 3421 1844 3499; x_wconf 89' lang='lat' dir='ltr'><strong>Quem</strong></span> <span class='ocrx_word' id='word_1_245' title='bbox 1879 3428 2161 3488; x_wconf 88' lang='lat' dir='ltr'><strong>sanctus</strong></span> <span class='ocrx_word' id='word_1_246' title='bbox 2205 3415 2522 3486; x_wconf 58' lang='lat' dir='ltr'><strong>›Fiacrius</strong></span> <span class='ocrx_word' id='word_1_247' title='bbox 2551 3416 2609 3485; x_wconf 89' lang='lat' dir='ltr'><strong>si</strong></span> <span class='ocrx_word' id='word_1_248' title='bbox 2669 3416 2690 3484; x_wconf 92' lang='lat' dir='ltr'><strong>i</strong></span> 
     </span>
     <span class='ocr_line' id='line_1_30' title="bbox 126 3504 2690 3596; baseline -0.001 -20"><span class='ocrx_word' id='word_1_249' title='bbox 126 3505 474 3596; x_wconf 83' lang='lat' dir='ltr'><strong>sanguine</strong></span> <span class='ocrx_word' id='word_1_250' title='bbox 520 3506 970 3594; x_wconf 88' lang='lat' dir='ltr'><strong>conjunctum</strong></span> <span class='ocrx_word' id='word_1_251' title='bbox 1006 3525 1455 3586; x_wconf 56' lang='lat' dir='ltr'><strong>cognoscens</strong></span> <span class='ocrx_word' id='word_1_252' title='bbox 1494 3505 1846 3596; x_wconf 87' lang='lat' dir='ltr'><strong>spirituali</strong></span> <span class='ocrx_word' id='word_1_253' title='bbox 1892 3505 2300 3596; x_wconf 88' lang='lat' dir='ltr'><strong>cognatione</strong></span> <span class='ocrx_word' id='word_1_254' title='bbox 2330 3516 2395 3574; x_wconf 92' lang='lat' dir='ltr'><strong>et</strong></span> <span class='ocrx_word' id='word_1_255' title='bbox 2427 3504 2690 3594; x_wconf 91' lang='lat' dir='ltr'><strong>gaudio</strong></span> 
     </span>
     <span class='ocr_line' id='line_1_31' title="bbox 126 3559 2683 3685; baseline -0.001 -20"><span class='ocrx_word' id='word_1_256' title='bbox 126 3594 483 3685; x_wconf 86' lang='lat' dir='ltr'><strong>suscepit:</strong></span> <span class='ocrx_word' id='word_1_257' title='bbox 535 3607 740 3682; x_wconf 88' lang='lat' dir='ltr'><strong>atque</strong></span> <span class='ocrx_word' id='word_1_258' title='bbox 785 3594 1019 3665; x_wconf 87' lang='lat' dir='ltr'><strong>divino</strong></span> <span class='ocrx_word' id='word_1_259' title='bbox 1045 3559 1348 3679; x_wconf 76' lang='lat' dir='ltr'><strong>alloquio</strong></span> <span class='ocrx_word' id='word_1_260' title='bbox 1394 3616 1556 3664; x_wconf 89' lang='lat' dir='ltr'><strong>cum</strong></span> <span class='ocrx_word' id='word_1_261' title='bbox 1597 3618 1676 3664; x_wconf 90' lang='lat' dir='ltr'><strong>eo</strong></span> <span class='ocrx_word' id='word_1_262' title='bbox 1715 3616 1991 3675; x_wconf 78' lang='lat' dir='ltr'><strong>vacanS,</strong></span> <span class='ocrx_word' id='word_1_263' title='bbox 2045 3593 2458 3682; x_wconf 89' lang='lat' dir='ltr'><strong>aliquandiu</strong></span> <span class='ocrx_word' id='word_1_264' title='bbox 2496 3592 2683 3683; x_wconf 91' lang='lat' dir='ltr'><strong>apud</strong></span> 
     </span>
     <span class='ocr_line' id='line_1_32' title="bbox 127 3683 1029 3754; baseline -0.001 -1"><span class='ocrx_word' id='word_1_265' title='bbox 127 3704 204 3753; x_wconf 88' lang='lat' dir='ltr'><strong>se</strong></span> <span class='ocrx_word' id='word_1_266' title='bbox 253 3683 549 3754; x_wconf 86' lang='lat' dir='ltr'><strong>detinuit</strong></span> <span class='ocrx_word' id='word_1_267' title='bbox 596 3684 666 3753; x_wconf 92' lang='lat' dir='ltr'><strong>in</strong></span> <span class='ocrx_word' id='word_1_268' title='bbox 719 3684 1029 3754; x_wconf 77' lang='lat' dir='ltr'><strong>Domino,</strong></span> 
     </span>
    </p>

    <p class='ocr_par' dir='ltr' id='par_1_7' title="bbox 124 3769 2757 4485">
     <span class='ocr_line' id='line_1_33' title="bbox 221 3769 2688 3862; baseline -0.004 -18"><span class='ocrx_word' id='word_1_269' title='bbox 221 3774 258 3859; x_wconf 70' lang='grc' dir='ltr'>ἓ</span> <span class='ocrx_word' id='word_1_270' title='bbox 311 3778 400 3844; x_wconf 70' lang='lat'><strong>².</strong></span> <span class='ocrx_word' id='word_1_271' title='bbox 454 3772 780 3843; x_wconf 89' lang='lat' dir='ltr'><strong>Posthaec</strong></span> <span class='ocrx_word' id='word_1_272' title='bbox 817 3773 1290 3844; x_wconf 87' lang='lat' dir='ltr'><strong>Fiacrius·non</strong></span> <span class='ocrx_word' id='word_1_273' title='bbox 1324 3772 1587 3843; x_wconf 89' lang='lat' dir='ltr'><strong>habens</strong></span> <span class='ocrx_word' id='word_1_274' title='bbox 1613 3772 1800 3842; x_wconf 92' lang='lat' dir='ltr'><strong>unde</strong></span> <span class='ocrx_word' id='word_1_275' title='bbox 1834 3770 2137 3862; x_wconf 89' lang='lat' dir='ltr'><strong>inopiam</strong></span> <span class='ocrx_word' id='word_1_276' title='bbox 2177 3769 2688 3841; x_wconf 78' lang='lat' dir='ltr'><strong>advenientium</strong></span> 
     </span>
     <span class='ocr_line' id='line_1_34' title="bbox 129 3859 2691 3954; baseline -0 -25"><span class='ocrx_word' id='word_1_277' title='bbox 129 3859 514 3943; x_wconf 77' lang='lat' dir='ltr'><strong>relevaret„</strong></span> <span class='ocrx_word' id='word_1_278' title='bbox 542 3862 829 3932; x_wconf 89' lang='lat' dir='ltr'><strong>accessit</strong></span> <span class='ocrx_word' id='word_1_279' title='bbox 877 3861 961 3932; x_wconf 92' lang='lat' dir='ltr'><strong>ad</strong></span> <span class='ocrx_word' id='word_1_280' title='bbox 996 3864 1441 3954; x_wconf 86' lang='lat' dir='ltr'><strong>Episcopum,</strong></span> <span class='ocrx_word' id='word_1_281' title='bbox 1492 3875 1730 3953; x_wconf 89' lang='lat' dir='ltr'><strong>petens</strong></span> <span class='ocrx_word' id='word_1_282' title='bbox 1777 3874 1854 3930; x_wconf 90' lang='lat' dir='ltr'><strong>ut</strong></span> <span class='ocrx_word' id='word_1_283' title='bbox 1887 3859 2126 3930; x_wconf 91' lang='lat' dir='ltr'><strong>liceret</strong></span> <span class='ocrx_word' id='word_1_284' title='bbox 2169 3860 2232 3929; x_wconf 91' lang='lat' dir='ltr'><strong>ei</strong></span> <span class='ocrx_word' id='word_1_285' title='bbox 2275 3872 2541 3929; x_wconf 89' lang='lat' dir='ltr'><strong>tantum</strong></span> <span class='ocrx_word' id='word_1_286' title='bbox 2580 3861 2691 3928; x_wconf 80' lang='lat' dir='ltr'><strong>ne-</strong></span> 
     </span>
     <span class='ocr_line' id='line_1_35' title="bbox 128 3946 2690 4044; baseline -0 -26"><span class='ocrx_word' id='word_1_287' title='bbox 128 3950 350 4021; x_wconf 88' lang='lat' dir='ltr'><strong>moris</strong></span> <span class='ocrx_word' id='word_1_288' title='bbox 395 3949 706 4033; x_wconf 91' lang='lat' dir='ltr'><strong>evellere,</strong></span> <span class='ocrx_word' id='word_1_289' title='bbox 746 3963 821 4021; x_wconf 91' lang='lat' dir='ltr'><strong>ut</strong></span> <span class='ocrx_word' id='word_1_290' title='bbox 853 3951 1109 4021; x_wconf 89' lang='lat' dir='ltr'><strong>ibidem</strong></span> <span class='ocrx_word' id='word_1_291' title='bbox 1149 3964 1375 4044; x_wconf 86' lang='lat' dir='ltr'><strong>posset</strong></span> <span class='ocrx_word' id='word_1_292' title='bbox 1403 3951 1675 4022; x_wconf 85' lang='lat' dir='ltr'><strong>bortum</strong></span> <span class='ocrx_word' id='word_1_293' title='bbox 1712 3949 1935 4019; x_wconf 84' lang='lat' dir='ltr'><strong>facere</strong></span> <span class='ocrx_word' id='word_1_294' title='bbox 1967 3949 2050 4018; x_wconf 88' lang='lat' dir='ltr'><strong>ad</strong></span> <span class='ocrx_word' id='word_1_295' title='bbox 2089 3948 2462 4018; x_wconf 88' lang='lat' dir='ltr'><strong>nutrienda</strong></span> <span class='ocrx_word' id='word_1_296' title='bbox 2509 3946 2690 4017; x_wconf 83' lang='lat' dir='ltr'><strong>olera</strong></span> 
     </span>
     <span class='ocr_line' id='line_1_36' title="bbox 129 4037 2689 4130; baseline -0 -25"><span class='ocrx_word' id='word_1_297' title='bbox 129 4057 263 4126; x_wconf 90' lang='lat' dir='ltr'><strong>pro</strong></span> <span class='ocrx_word' id='word_1_298' title='bbox 311 4040 735 4130; x_wconf 90' lang='lat' dir='ltr'><strong>pauperibus</strong></span> <span class='ocrx_word' id='word_1_299' title='bbox 767 4041 1178 4130; x_wconf 79' lang='lat' dir='ltr'><strong>peregrinis,</strong></span> <span class='ocrx_word' id='word_1_300' title='bbox 1234 4042 1353 4112; x_wconf 82' lang='lat' dir='ltr'><strong>Cui</strong></span> <span class='ocrx_word' id='word_1_301' title='bbox 1409 4038 1709 4130; x_wconf 84' lang='lat' dir='ltr'><strong>pontifex</strong></span> <span class='ocrx_word' id='word_1_302' title='bbox 1758 4052 2025 4108; x_wconf 84' lang='lat' dir='ltr'><strong>tantum</strong></span> <span class='ocrx_word' id='word_1_303' title='bbox 2094 4038 2310 4127; x_wconf 88' lang='lat' dir='ltr'><strong>rogati</strong></span> <span class='ocrx_word' id='word_1_304' title='bbox 2363 4037 2689 4118; x_wconf 86' lang='lat' dir='ltr'><strong>nemoris,</strong></span> 
     </span>
     <span class='ocr_line' id='line_1_37' title="bbox 128 4124 2689 4220; baseline 0 -27"><span class='ocrx_word' id='word_1_305' title='bbox 128 4138 472 4212; x_wconf 90' lang='lat' dir='ltr'><strong>quantum</strong></span> <span class='ocrx_word' id='word_1_306' title='bbox 525 4129 593 4198; x_wconf 92' lang='lat' dir='ltr'><strong>in</strong></span> <span class='ocrx_word' id='word_1_307' title='bbox 636 4151 805 4220; x_wconf 90' lang='lat' dir='ltr'><strong>gyro</strong></span> <span class='ocrx_word' id='word_1_308' title='bbox 845 4129 1029 4198; x_wconf 89' lang='lat' dir='ltr'><strong>circa</strong></span> <span class='ocrx_word' id='word_1_309' title='bbox 1078 4129 1362 4201; x_wconf 84' lang='lat' dir='ltr'><strong>domurn</strong></span> <span class='ocrx_word' id='word_1_310' title='bbox 1416 4150 1613 4198; x_wconf 88' lang='lat' dir='ltr'><strong>suam</strong></span> <span class='ocrx_word' id='word_1_311' title='bbox 1662 4128 1937 4218; x_wconf 87' lang='lat' dir='ltr'><strong>propria</strong></span> <span class='ocrx_word' id='word_1_312' title='bbox 1985 4149 2195 4196; x_wconf 89' lang='lat' dir='ltr'><strong>manu</strong></span> <span class='ocrx_word' id='word_1_313' title='bbox 2232 4124 2578 4205; x_wconf 85' lang='lat' dir='ltr'><strong>fodiendo,</strong></span> <span class='ocrx_word' id='word_1_314' title='bbox 2623 4126 2689 4194; x_wconf 93' lang='lat' dir='ltr'><strong>in</strong></span> 
     </span>
     <span class='ocr_line' id='line_1_38' title="bbox 126 4213 2682 4308; baseline -0.001 -24"><span class='ocrx_word' id='word_1_315' title='bbox 126 4236 281 4284; x_wconf 89' lang='lat' dir='ltr'><strong>una</strong></span> <span class='ocrx_word' id='word_1_316' title='bbox 338 4216 448 4284; x_wconf 91' lang='lat' dir='ltr'><strong>die</strong></span> <span class='ocrx_word' id='word_1_317' title='bbox 495 4217 747 4288; x_wconf 85' lang='lat' dir='ltr'><strong>fossato</strong></span> <span class='ocrx_word' id='word_1_318' title='bbox 799 4230 1026 4308; x_wconf 89' lang='lat' dir='ltr'><strong>posset</strong></span> <span class='ocrx_word' id='word_1_319' title='bbox 1075 4216 1532 4288; x_wconf 90' lang='lat' dir='ltr'><strong>circumdare:</strong></span> <span class='ocrx_word' id='word_1_320' title='bbox 1585 4230 1651 4286; x_wconf 91' lang='lat' dir='ltr'><strong>et</strong></span> <span class='ocrx_word' id='word_1_321' title='bbox 1697 4215 2031 4304; x_wconf 89' lang='lat' dir='ltr'><strong>quicquid</strong></span> <span class='ocrx_word' id='word_1_322' title='bbox 2108 4216 2285 4285; x_wconf 89' lang='lat' dir='ltr'><strong>intra</strong></span> <span class='ocrx_word' id='word_1_323' title='bbox 2351 4213 2682 4285; x_wconf 85' lang='lat' dir='ltr'><strong>fossatum</strong></span> 
     </span>
     <span class='ocr_line' id='line_1_39' title="bbox 124 4302 2757 4395; baseline -0.001 -22"><span class='ocrx_word' id='word_1_324' title='bbox 124 4303 609 4387; x_wconf 91' lang='lat' dir='ltr'><strong>concluderet,</strong></span> <span class='ocrx_word' id='word_1_325' title='bbox 664 4307 958 4377; x_wconf 87' lang='lat' dir='ltr'><strong>liberum</strong></span> <span class='ocrx_word' id='word_1_326' title='bbox 1032 4309 1295 4395; x_wconf 87' lang='lat' dir='ltr'><strong>absque</strong></span> <span class='ocrx_word' id='word_1_327' title='bbox 1344 4305 1818 4386; x_wconf 87' lang='lat' dir='ltr'><strong>cavillatione,</strong></span> <span class='ocrx_word' id='word_1_328' title='bbox 1872 4304 2074 4392; x_wconf 89' lang='lat' dir='ltr'><strong>quasi</strong></span> <span class='ocrx_word' id='word_1_329' title='bbox 2142 4302 2685 4373; x_wconf 88' lang='lat' dir='ltr'><strong>haereditarium</strong></span> <span class='ocrx_word' id='word_1_330' title='bbox 2740 4335 2757 4348; x_wconf 91' lang='lat'><strong>·</strong></span> 
     </span>
     <span class='ocr_line' id='line_1_40' title="bbox 130 4392 2687 4485; baseline -0.001 -22"><span class='ocrx_word' id='word_1_331' title='bbox 130 4392 546 4485; x_wconf 88' lang='lat' dir='ltr'><strong>possideret.</strong></span> <span class='ocrx_word' id='word_1_332' title='bbox 600 4401 746 4480; x_wconf 89' lang='lat' dir='ltr'><strong>Quo</strong></span> <span class='ocrx_word' id='word_1_333' title='bbox 794 4396 1033 4466; x_wconf 88' lang='lat' dir='ltr'><strong>audito</strong></span> <span class='ocrx_word' id='word_1_334' title='bbox 1082 4396 1168 4466; x_wconf 94' lang='lat' dir='ltr'><strong>ad</strong></span> <span class='ocrx_word' id='word_1_335' title='bbox 1220 4394 1664 4468; x_wconf 89' lang='lat' dir='ltr'><strong>solitudinem</strong></span> <span class='ocrx_word' id='word_1_336' title='bbox 1717 4416 2067 4468; x_wconf 56' lang='lat' dir='ltr'><strong>reversus*</strong></span> <span class='ocrx_word' id='word_1_337' title='bbox 2120 4393 2298 4463; x_wconf 89' lang='lat' dir='ltr'><strong>facta</strong></span> <span class='ocrx_word' id='word_1_338' title='bbox 2344 4392 2687 4473; x_wconf 90' lang='lat' dir='ltr'><strong>oratione,</strong></span> 
     </span>
    </p>
   </div>
  </div>
 </body>
</html>
