3308 5004
668 319 801 384 618
1383 335 1462 383 nr.
1509 335 1566 383 s.
1620 334 2007 384 auxitanum:
2051 334 2308 384 naemu
2798 316 2996 384 Auo.
3047 318 3138 383 25

576 421 917 511 persensit
953 419 1416 500 clementiam,
1459 421 1719 522 passim
1758 419 2088 522 religione
2118 420 2566 496 increscente,
2607 419 2896 489 multam
2935 442 3140 489 eam—

574 532 710 596 que
757 523 1063 578 sanctam
1120 514 1248 579 Deo
1298 513 1475 578 Patri
1515 508 1774 600 prolem
1817 510 2070 580 edidit:
2107 531 2189 579 ex
2227 508 2436 596 cujus
2470 508 2940 579 sacratissima
2976 531 3144 599 pro-

506 668 519 682 ,
577 598 865 688 pagine,
918 609 1153 668 sancta
1206 609 1420 668 mater
1465 611 1531 667 et
1577 597 1806 687 virgo,
1860 597 2108 679 Christi
2147 597 2448 668 Ecclesia
2475 593 2755 668 dilatata
2785 609 2912 678 est,
2948 619 3144 685 quae

574 685 788 757 oblita
838 684 1430 777 populum·suum
1478 699 1546 755 et
1582 685 1869 756 domum
1906 688 2119 777 patris
2148 688 2283 767 sui,
2323 687 2567 757 Trinae
2597 686 2848 756 Unitati
2883 687 3142 757 sinum

574 776 802 846 cordis
822 776 1115 865 aperuit,
1147 775 1335 845 unde
1362 774 1494 845 sibi
1524 786 1930 866 praepotens
1961 777 2291 847 Dominus
2320 775 2754 866 impollutam
2783 774 3144 844 familiam

575 879 1026 935 consecraret.
1078 870 1294 951 Atque
1341 864 1411 932 in
1465 865 1613 955 ipsa
1651 864 1975 934 Franciae
2017 864 2260 936 tellure
2295 886 2515 955 pagus
2545 864 3148 936 veromandensis

576 976 697 1023 seu
745 953 1409 1032 Veromanduorum‚
1444 975 1649 1040 quem
1683 952 2053 1023 clarissimi
2091 954 2414 1043 martyris
2447 953 2759 1037 Quintini
2793 953 3145 1043 suffragia

574 1057 866 1121 ornant,
921 1063 1361 1130 summopere
1410 1041 1479 1111 id
1527 1043 1929 1131 expetebat,
1983 1056 2061 1114 ut
2109 1054 2336 1134 posset
2380 1042 2627 1112 offerre
2674 1048 2804 1112 Deo
2864 1064 3152 1113 munus

573 1145 874 1221 gratum,
923 1131 988 1197 in
1031 1129 1310 1200 odorem
1355 1131 1878 1201 suavissimum.

660 1221 697 1306 ἓ
747 1226 837 1290 2.
893 1223 966 1287 In
1016 1220 1171 1307 ejus
1219 1220 1379 1322 pagi
1431 1219 1638 1301 villa,
1692 1241 1901 1305 quam
1958 1220 2394 1290 Lembaidem
2435 1221 2467 1254 ¹*
2533 1233 2821 1299 vocant,
2891 1232 3152 1290 sancta

574 1309 768 1399 virgo
816 1308 1273 1408 Hunegundts
1322 1307 1538 1379 nobili
1587 1309 1800 1409 stirpe
1847 1310 2080 1399 genita
2126 1323 2252 1390 est,
2308 1295 2709 1400 parentibus
2750 1330 2890 1379 non
2931 1309 3157 1380 modo

575 1419 823 1486 genere
870 1395 1101 1474 claris,
1153 1397 1272 1466 sed
1320 1398 1524 1467 etiam
1577 1397 1962 1468 Christiana
2013 1397 2343 1488 religione
2390 1398 2703 1468 initiatis.
2739 1402 2909 1467 Eam
2946 1420 2992 1467 e
3039 1421 3152 1469 sa·

575 1507 693 1555 cro
742 1485 925 1555 sonte
973 1485 1201 1556 serunt
1247 1499 1637 1576 susceptam
1690 1487 1777 1556 ab
1827 1487 2046 1577 Eligio
2110 1487 2543 1557 Noviomensi
2607 1506 2685 1556 ac
2751 1491 3152 1558 Veroman·

575 1574 771 1644 densi
823 1574 1191 1664 Episcopo:
1246 1575 1366 1643 ubi
1417 1573 1828 1645 immortalis
1876 1577 2112 1666 sponsi
2162 1577 2428 1666 accepit
2473 1573 2778 1656 arrham,
2836 1589 3156 1646 vestem-

576 1685 711 1750 que
742 1664 1135 1753 pretiosam,
1160 1663 1698 1733 immortalitatis
1727 1664 2123 1757 insignibus
2151 1664 2618 1745 candidatam,
2648 1664 3157 1754 passionisque

578 1752 931 1842 triumpho
983 1752 1347 1831 illustrem,
1399 1765 1466 1822 et
1504 1767 1732 1822 castae
1770 1753 2159 1823 dilectionis
2201 1754 2458 1855 regiam
2496 1767 2701 1840 atque
2734 1754 3151 1825 sacerdota-

575 1840 753 1920 lem,
808 1840 925 1910 sed
980 1842 1338 1929 mysticam
1373 1894 1388 1918 ,
1446 1863 1799 1910 coronam.
1859 1842 1979 1912 Ubi
2030 1843 2233 1913 etiam
2289 1864 2356 1911 tn
2418 1856 2678 1943 septem
2738 1842 3156 1932 baptisterii

575 1925 931 2019 gradibus,
985 1945 1244 2018 septem
1294 1928 1538 2019 adepta
1587 1943 1689 1999 est
1726 1929 1905 2001 dona
1944 1932 2240 2018 Spiritus
2283 1938 2536 2010 Sancti,
2573 1930 2991 2022 Episcopali
3039 1934 3154 2002 be·

577 2015 964 2086 nedictione
1010 2019 1453 2098 confirmata,
1504 2032 1570 2088 et
1619 2041 1813 2089 sacro
1861 2019 2236 2089 chrismate
2284 2020 2616 2090 delibuta.
2671 2019 2960 2103 Quibus
3023 2044 3156 2090 un·

580 2105 789 2193 dique
837 2105 1095 2189 fulcita,
1150 2109 1244 2175 ita
1296 2130 1413 2197 per
1458 2120 1740 2198 septena
1775 2109 2057 2179 ‘dierum
2096 2107 2445 2180 curricula
2477 2122 2714 2178 sancta
2757 2108 3017 2199 puella
3061 2112 3153 2178 vi·

581 2217 734 2262 vere
783 2194 1091 2274 studuit,
1146 2208 1222 2266 ut
1278 2196 1527 2286 septies
1590 2211 1848 2286 septem
1917 2198 2140 2267 auctis
2205 2197 2765 2278 accessionibuS,
2839 2199 3153 2268 monade

575 2283 863 2371 adjecta.
909 2284 1155 2372 jubilei
1206 2284 1508 2354 fructum
1564 2286 1630 2353 in
1685 2287 2027 2375 praesenti
2078 2287 2208 2356 vita
2262 2287 2682 2387 perciperet:
2718 2307 2960 2372 eoque
2998 2311 3150 2360 cor·

577 2393 738 2462 pore
784 2388 850 2441 et
895 2375 1128 2443 anima
1175 2372 1550 2464 duplicat0‚
1611 2388 1761 2464 post
1811 2387 2161 2464 peractum
2215 2389 2391 2445 vitae
2435 2397 2752 2455 cursum,
2819 2374 3147 2447 fructum

572 2475 881 2553 carperet
928 2463 1407 2544 centesimum,
1447 2465 1705 2533 sanctis
1744 2464 2136 2555 virginibus
2169 2477 2675 2534 consecratum.

662 2556 697 2637 ξ
744 2556 836 2622 8.
891 2557 1055 2621 Cum
1107 2566 1284 2622 esset
1330 2568 1603 2631 autem,
1664 2565 1738 2622 ut
1783 2554 2114 2633 diximuS,
2171 2553 2379 2625 claris
2425 2567 2572 2623 orta
2623 2551 3030 2635 natalibus,
3085 2557 3147 2623 in

578 2640 749 2727 ipsis
799 2639 1244 2711 incunabulis
1283 2642 1479 2729 ajunt
1515 2665 1664 2712 earn
1701 2642 1980 2711 cuidam
2018 2642 2507 2732 desponsatam
2543 2642 2780 2723 fuisse,
2817 2644 2961 2730 qui
3006 2646 3150 2736 pari

574 2743 751 2798 esset
798 2730 1068 2818 generis
1115 2729 1551 2800 claritudine.
1608 2730 1732 2800 Sed
1802 2732 1966 2819 quia
2034 2753 2334 2820 sponsus
2397 2731 2712 2803 coelestis
2774 2752 2944 2801 eam
3016 2733 3144 2803 sibi

575 2840 847 2887 servare
892 2820 1382 2899 constituerat,
1435 2820 1705 2889 occulto
1757 2822 1871 2889 Dei
1911 2820 2225 2909 judicio,
2290 2819 2405 2890 ille
2458 2833 2674 2890 morte
2731 2820 3145 2892 subtractus

574 2921 698 2975 est.
746 2912 1106 2994 Postquam
1151 2921 1378 2979 autem
1413 2922 1646 2977 sancta
1686 2910 1878 3000 virgo
1911 2909 2229 2989 adolevit,
2266 2922 2584 2997 essetque
2618 2908 2903 2979 liberali
2942 2925 3144 2997 atque

577 2994 874 3084 eleganti
918 2997 1131 3078 vultu,
1170 2996 1523 3066 Eudaldus
1555 2997 1868 3084 quidam,
1906 2996 2112 3067 homo
2147 2997 2425 3079 nobilis,
2463 3020 2613 3067 eam
2659 2997 2795 3067 sibi
2832 2999 3134 3087 despon-

575 3083 715 3157 dit.
775 3084 1008 3154 multis
1054 3087 1113 3154 ei
1163 3085 1430 3154 collatis
1480 3087 1929 3165 muneribus,
1988 3087 2356 3176 mancipiis
2403 3099 2469 3156 et
2518 3085 2806 3156 villulis.
2873 3095 3017 3171 Qua
3063 3087 3134 3154 in

575 3194 647 3239 re
701 3173 852 3240 licet
900 3197 937 3242 a
993 3175 1391 3263 parentibus
1444 3175 1649 3242 invita
1701 3176 2080 3265 cogeretur,
2136 3190 2203 3243 at
2255 3189 2478 3243 tamen
2529 3174 2723 3244 vultu
2763 3175 3042 3263 placido
3073 3187 3145 3245 et

575 3273 805 3329 mente
852 3276 1035 3333 casta
1089 3264 1153 3330 id
1208 3262 1577 3353 perferenS,
1624 3265 1771 3353 jam
1823 3285 2057 3333 secum
2100 3264 2336 3333 animo
2371 3263 2863 3345 meditabatur,
2901 3287 3152 3354 quem·
3249 3344 3250 3351 χ

577 3348 949 3419 admodum
1003 3365 1185 3427 seet
1231 3350 1456 3421 dotem
1509 3374 1705 3421 suam
1760 3353 2024 3422 Christo
2090 3374 2345 3443 sponso
2405 3354 2725 3433 offerret,
2804 3353 3158 3443 fieretque

578 3439 1125 3509 sanctimonialis
1174 3442 1243 3508 in
1300 3441 1732 3510 beatissimae
1783 3443 2021 3511 matris
2058 3441 2355 3531 Virginis
2405 3442 2852 3524 monasteriO,
2891 3443 3164 3535 capitis

578 3527 909 3613 insignita
959 3528 1317 3598 velamine.
1357 3529 1537 3598 Talis
1568 3530 1880 3610 intenti0,
1927 3545 2202 3618 tamque
2244 3530 2594 3620 praeclara
2626 3532 2969 3621 cogitatio
3005 3555 3166 3604 vet·

579 3617 863 3685 sabatur
914 3618 1242 3707 perpetim
1295 3620 1363 3687 in
1418 3618 1707 3707 puellari
1763 3631 2071 3708 pectore,
2144 3620 2407 3706 flosque
2471 3620 2821 3709 virgineae
2905 3623 3168 3693 matris

577 3727 658 3773 ex
706 3719 938 3779 saneta
991 3707 1338 3776 redolebat
1390 3708 1699 3798 virgine,
1767 3705 2120 3795 multaque
2180 3708 2510 3778 virtutum
2575 3709 3030 3781 charismata
3083 3734 3168 3783 ex

580 3794 908 3884 virgineis
940 3796 1301 3865 elucebant
1346 3797 1792 3885 profectibus.

667 3885 702 3969 ἓ
752 3889 835 3956 4.
891 3890 1095 3954 Porro
1141 3903 1369 3954 autem
1421 3908 1578 3956 cuin
1623 3886 1770 3972 jam
1824 3896 2138 3955 sanctum
2194 3885 2443 3954 mentis
2492 3908 2657 3955 suae
2700 3890 3168 3976 propositum

583 3971 650 4039 in
704 3994 879 4061 opus
927 3974 1235 4043 conferre
1284 3974 1505 4049 vellet,
1561 3974 1856 4063 sapienti
1908 3995 2030 4043 usa
2081 3974 2396 4054 consilio,
2452 3996 2788 4063 sponsum
2836 3998 3007 4063 qua
3049 4002 3173 4069 po—

587 4060 711 4130 tuit
761 4076 907 4130 arte
956 4065 1233 4157 tentavit
1280 4062 1622 4133 blanditer
1671 4061 1982 4131 emollire
2013 4117 2029 4143 ,
2081 4076 2147 4131 et
2192 4062 2492 4149 quadam
2548 4062 2812 4133 mellita
2873 4065 3172 4159 ingenii

581 4148 979 4220 dexteritate
1026 4152 1113 4221 ab
1161 4152 1598 4239 amplexibus
1644 4151 1930 4219 omnino
1980 4173 2288 4222 avocare.
2345 4152 2433 4221 ita
2482 4174 2641 4222 eum
2678 4150 3176 4231 blandissime

582 4239 1056 4327 compellans:
1112 4264 1147 4306 «
1197 4244 1247 4309 Ο
1296 4239 1697 4311 dulcissime
1746 4254 1950 4327 atque
1997 4240 2474 4310 amantissime
2533 4262 2807 4330 sponse,
2871 4242 3178 4332 placeat

644 4453 670 4479 ¹⁸
706 4455 892 4502 ſtraminum
911 4467 961 4493 tn
989 4456 1279 4493 vermandois.
