3308 5004
734 341 862 406 oct
1048 332 1059 341 ’
1208 356 1289 402 nr.
1338 355 1391 407 s.
1439 352 1801 402 Auensrmo
1846 352 2044 401 mse.
2090 353 2166 400 ετ
2211 351 2383 402 nect..
2437 351 2614 401 noct.
2859 334 3066 400 AUG.
3109 335 3201 399 28

640 453 881 513 contra
930 439 1307 510 haereticos
1354 439 1676 518 latarum,
1729 437 1989 524 ubique
2038 437 2246 507 teneri
2295 436 2565 506 debere.
2604 441 2694 505 Ex
2725 458 2869 524 quo
2897 450 2974 505 et
3018 436 3202 506 idem

645 530 1055 621 Crispinus,
1121 541 1189 599 et
1253 527 1500 597 caeteri
1562 526 1693 597 sibi
1749 545 2109 615 compares
2180 525 2498 596 haeretici
2536 581 2552 606 ‚
2624 526 2982 615 praecepti
3033 531 3207 595 Sunt

642 619 860 690 denas
903 618 1056 688 auri
1107 616 1321 687 libras
1368 615 1517 686 fisci
1557 614 1838 702 juribus
1887 614 2160 684 inferre.
2215 614 2341 684 Sed
2404 615 2720 706 protinus
2765 635 2992 704 opera
3041 614 3206 683 data

643 720 745 780 est
794 727 915 798 per
960 704 1342 776 catholicos
1407 703 1806 805 Episcop0s‚
1861 703 2228 795 praecipue
2284 725 2408 805 per
2470 717 2747 773 sanctae
2813 703 3206 772 memoriae

642 795 1155 888 Augustinum,
1208 806 1284 864 ut
1326 793 1449 863 illa
1495 814 1811 863 omnium
1860 792 2378 875 condemnatio,
2433 792 2791 861 memorati
2846 791 3206 882 principis

643 885 1103 955 dimitteretur
1162 881 1621 973 indulgentia,
1674 885 1754 950 Et
1801 881 2088 950 Domino
2152 881 2522 970 adjuvante
2557 935 2572 963 ,
2627 879 3022 970 perfectum
3075 896 3200 952 est„

642 980 792 1058 Qua
838 972 1197 1063 diligentia
1243 984 1309 1041 et
1346 981 1583 1041 sancto
1628 968 1860 1040 studio
1901 969 2195 1041 multum
2230 970 2444 1040 crevit
2481 983 2718 1041 saneta
2765 968 3124 1039 Ecclesia.

732 1066 770 1150 ξ
817 1066 957 1134 u.
1008 1065 1088 1130 Et
1114 1060 1202 1130 de
1231 1060 1341 1130 his
1371 1060 1723 1140 omnibus,
1809 1081 1884 1129 ro
1925 1080 2091 1148 pace
2129 1058 2470 1129 Ecclesiae
2517 1059 2748 1148 gestis,
2803 1060 3206 1149 Augustino

646 1151 986 1222 Dominus
1031 1163 1099 1219 et
1146 1149 1260 1218 hic
1309 1148 1610 1241 palmam
1660 1146 1704 1215 d
1801 1149 1873 1229 it,
1926 1160 1991 1216 et
2021 1146 2204 1238 apud
2248 1170 2322 1217 se
2352 1147 2663 1236 justitiae
2709 1168 3061 1216 coronam
3121 1170 3208 1216 ne-

642 1239 986 1312 servavit:
1041 1261 1123 1308 ac
1171 1238 1271 1309 sic
1306 1260 1414 1306 ma
1470 1237 1529 1306 is
1579 1237 1939 1326 magisque
1971 1236 2257 1325 juvante
2304 1237 2593 1317 Christo,
2631 1235 2717 1305 de
2747 1235 2866 1305 die
2899 1236 2984 1305 in
3024 1235 3203 1306 diem

644 1328 1028 1419 augebatur
1073 1339 1140 1397 et
1186 1260 1785 1427 multipfficabatur
1832 1325 2020 1416 pa‘cis
2067 1326 2321 1405 unitaS,
2371 1337 2438 1394 et
2485 1324 2826 1396 Ecclesiae
2894 1325 3028 1394 Dei
3081 1325 3206 1395 sra-

534 1491 539 1500 ,
646 1417 955 1488 tei-nitas.
1009 1421 1086 1486 Et
1117 1416 1181 1485 id
1237 1436 1534 1484 maxime
1563 1414 1821 1483 factum
1854 1427 1955 1484 est
1985 1427 2138 1505 post
2184 1413 2651 1494 Collationem,
2701 1434 2885 1500 quae
2917 1414 3023 1483 ab
3057 1415 3204 1484 uni-

644 1506 860 1575 versis
906 1504 1262 1596 Episcopis
1309 1502 1676 1574 Catholicis
1722 1502 1907 1593 apud
1959 1502 2435 1593 Carthaginem
2471 1523 2631 1571 cum
2664 1502 2936 1571 eisdem
2987 1508 3200 1573 Dona·

646 1594 963 1665 tistarum
1004 1593 1362 1684 Episcopis
1410 1590 1853 1683 postmodum
1902 1591 2076 1661 sacta
2124 1604 2248 1671 est,
2286 1591 2659 1678 adjuvante
2687 1590 3200 1681 gloriosissimo

644 1696 710 1753 et
746 1682 1269 1774 religiosissimo
1302 1686 1719 1769 Imperatore
1747 1681 2090 1751 Honorio:
2178 1694 2406 1770 ropter
2487 1678 2616 1749 uod
2652 1679 3198 1780 perficiendum,

644 1772 851 1841 etiam
902 1794 942 1841 a
989 1792 1116 1842 suo
1165 1771 1373 1839 latere
1420 1769 1804 1839 Tribunum
1873 1703 2342 1839 Marceliinum
2393 1702 2479 1837 ag
2532 1766 2827 1837 Africam
2884 1768 3198 1854 judicem

648 1861 950 1930 miserat.
1001 1865 1079 1929 In
1129 1881 1268 1947 qua
1313 1856 1780 1928 controversia
1828 1857 1928 1927 illi
1975 1857 2398 1927 omnimodis
2448 1856 2805 1938 confutati,
2863 1869 3098 1946 atque
3133 1857 3197 1926 de

645 1968 877 2017 errore
923 1971 964 2018 a
1010 1947 1369 2017 catholicis
1415 1946 1733 2024 convicti,
1787 1946 2123 2016 sententia
2161 1945 2424 2036 judicis
2458 1946 2668 2014 notati
2708 1959 2908 2026 sunt,
2963 1961 3040 2016 et
3073 1960 3197 2037 pest

648 2058 887 2105 eorum
937 2058 1025 2125 ap
1077 2035 1494 2114 ellationem‚
1551 2035 1849 2124 piissimi
1898 2035 2101 2125 Regis
2143 2056 2471 2125 responso
2493 2035 2680 2125 juste
2726 2033 2917 2104 inter
2975 2034 3194 2106 haere·

650 2125 823 2195 ticos
886 2145 1013 2194 con
1067 2125 1324 2195 emnati
1398 2136 1583 2193 sunt.
1653 2127 1748 2192 Ex
1804 2146 1942 2211 qua
2002 2123 2262 2193 ratione
2325 2123 2526 2194 solito
2596 2120 2911 2212 amplius
2964 2147 3187 2196 eorum

648 2212 969 2304 Episcopi
1038 2234 1198 2282 cum
1263 2212 1411 2282 suis
1466 2211 1738 2282 clericis
1796 2226 1863 2282 et
1939 2212 2258 2302 plebibus
2319 2211 3088 2295 communicaverunt,
3145 2227 3188 2281 et

650 2322 886 2393 pacem
939 2314 1243 2372 tenentes
1274 2300 1717 2381 catholicam,
1756 2300 2033 2383 multae,
2072 2322 2313 2371 eorum
2345 2301 2466 2388 qui
2505 2298 2923 2370 catholicam
2970 2324 3184 2394 asper·

649 2391 995 2461 nubantur
1044 2391 1291 2471 fidem,
1348 2390 1890 2481 persecutioneS,
1945 2412 2168 2477 usque
2213 2389 2300 2458 ad
2353 2389 2822 2459 membrorum
2878 2405 3181 2482 amputa-

649 2480 903 2550 tionem
951 2494 1015 2552 et
1046 2479 1583 2551 internecionem
1694 2478 2099 2561 ertulerunt.
2155 2484 2232 2548 Et
2279 2491 2492 2548 totum
2546 2477 2716 2547 illud
2769 2478 3086 2561 bonurn,
3131 2493 3175 2548 ut
3257 2506 3258 2575 i

647 2569 814 2651 dixi,
872 2591 991 2659 per
1036 2583 1354 2639 sanctum
1403 2569 1602 2638 illum
1648 2501 1995 2638 hominem
2055 2568 2539 2657 Augustinum,
2602 2570 3168 2641 consentientihoe

646 2658 1075 2749 coepiscopis
1112 2670 1177 2727 et
1212 2658 1465 2747 pariter
1496 2657 1995 2747 satagentibus,
2029 2669 2095 2726 et
2124 2671 2470 2747 coeptum,
2505 2669 2571 2726 et
2605 2655 3006 2746 perfectum
3041 2672 3134 2729 est-

737 2748 776 2834 ξ
821 2751 963 2818 15.
1016 2752 1223 2816 Porro
1267 2757 1497 2816 autem
1546 2745 1876 2831 quoniam
1925 2759 2075 2835 post
2123 2745 2340 2825 illam,
2395 2767 2571 2832 quae
2607 2768 2781 2814 cum
2831 2744 3156 2818 Donati&

649 2834 829 2905 facta
873 2850 1007 2916 est,
1061 2834 1500 2904 collationem
1534 2887 1554 2913 ,
1613 2855 1748 2903 non
1798 2833 2167 2904 defuerunt
2228 2834 2350 2921 qui
2396 2834 2750 2913 dicerent,
2823 2837 3156 2923 permissos

651 2944 789 2994 non
840 2923 1052 2993 fuisse
1098 2923 1373 2993 eosdem
1423 2921 1798 3013 Episcopos
1843 2922 2028 3012 apud
2069 2934 2493 3012 potestatem,
2534 2944 2710 3010 quae
2744 2942 3150 2995 causamm-

650 3011 846 3093 divit,
884 3010 1111 3081 dicere
1157 3011 1392 3081 omnia
1441 3032 1563 3101 pro
1598 3012 1746 3082 suis
1844 3011 2110 3081 artibus
2141 3065 2157 3091 ,
2209 3010 2538 3099 quoniam
2590 3010 2989 3084 catholicae
3010 3028 3150 3081 m·

657 3100 1012 3171 munionis
1057 3100 1368 3191 cognitor
1427 3121 1594 3169 suae
1648 3034 1915 3170 favebat
1969 3099 2355 3171 Ecclesiae:
2414 3099 2570 3170 licet
2617 3099 2746 3168 hoc
2800 3101 3156 3173 deflemus

650 3201 716 3258 et
764 3187 945 3266 victi,
998 3189 1081 3258 ad
1118 3188 1625 3259 excusationem
1666 3190 2048 3278 jactarent:
2099 3188 2662 3277 quandoquidem
2712 3201 2784 3258 et
2836 3205 3010 3262 ante
3035 3207 3171 3258 con·

652 3277 1049 3346 troversiam
1100 3277 1305 3346 iidem
1351 3277 1674 3346 haeretici
1707 3276 2084 3347 catholicae
2130 3277 2646 3347 communionis
2676 3280 3027 3351 eumdem
3057 3296 3181 3348 esse

654 3378 1004 3445 noverant,
1056 3379 1122 3434 et
1166 3388 1324 3435 cum
1378 3365 1467 3435 ab
1520 3365 1760 3436 eodem
1810 3366 2343 3436 convenirentur
2390 3365 2687 3456 publicis
2718 3371 2982 3467 gestis,
3033 3364 3186 3459 quod

654 3452 740 3522 ad
776 3453 1217 3524 collationem
1250 3467 1709 3534 occurrerent,
1755 3477 1827 3524 se
1872 3477 2023 3524 esse
2073 3453 2374 3524 facturos
2427 3469 2767 3545 prosecuti
2834 3472 3044 3528 sunt.
3093 3461 3192 3527 Po-

656 3554 879 3612 terant
925 3543 1161 3630 utique
1222 3556 1621 3642 suspectum
1688 3564 1846 3611 eum
1910 3543 2241 3615 habentes
2308 3564 2626 3613 recusare
2687 3565 3192 3647 congressum·-

653 3644 881 3701 tamen
915 3633 1405 3732 omnipotentis
1458 3631 1572 3699 Dei
1632 3631 1968 3720 praestitit
2008 3631 2371 3712 auxilium,
2429 3646 2504 3701 ut
2548 3644 2781 3734 postea
2843 3658 2926 3703 tn
2977 3640 3200 3706 caesa-

651 3721 877 3791 reensi
916 3719 1362 3790 Mauritaniae
1408 3719 1680 3788 civitate
1727 3720 2142 3790 constitutus
2190 3720 2602 3790 venerabilis
2642 3726 3046 3795 memoriae
3094 3729 3204 3794 Au·

652 3809 998 3899 gustinus,
1051 3831 1188 3896 quo
1216 3821 1387 3878 eum·
1414 3807 1641 3878 venire
1689 3829 1847 3877 cum
1881 3808 2037 3879 aliis
2076 3809 2505 3899 coepiscopis
2540 3809 2733 3879 Sedis
2773 3813 3207 3901 Apostolicae

653 3898 913 3968 Literae
959 3897 1467 3987 compulerunt,
1500 3896 1588 3966 ob
1637 3897 2107 3967 terminandas
2143 3898 2463 3967 videlicet
2496 3898 2667 3968 alias
2705 3899 3082 3973 Ecclesiae
3111 3923 3212 3971 ne-

650 3988 1040 4056 cessitates:
1096 3986 1225 4055 hac
1271 4007 1433 4075 ergo
1474 3985 1836 4056 occasione
1887 3986 2219 4075 provenit,
2272 4001 2345 4056 ut
2392 3986 2770 4056 Emeritum
2803 4041 2821 4064 ‚
2875 3990 3210 4074 ejusdem

652 4073 783 4144 loci
822 4074 1326 4145 Donatistarum
1378 4075 1821 4164 Episcopum,
1873 4095 2076 4161 quem
2129 4096 2295 4146 suae
2325 4088 2563 4146 ,sectae
2611 4075 3102 4167 praecipuum
3158 4079 3216 4148 in

649 4162 766 4232 illa
804 4163 1173 4233 collatione
1221 4164 1614 4234 habuerunt
1644 4162 2097 4246 defensorem,
2151 4163 2431 4242 videret,
2483 4177 2547 4234 et
2585 4187 2748 4234 cum
2782 4164 3046 4237 eodem

648 4250 825 4321 blice
868 4252 933 4320 in
976 4252 1288 4332 ecclesia,
1346 4252 1600 4342 populo
1645 4252 1961 4321 adstante
2006 4251 2316 4322 diversae
2345 4252 2884 4333 communionis,
2940 4274 3038 4326 ex
3147 4277 3214 4327 oc

646 4338 798 4428 ipso
846 4340 1253 4429 disputaret.
1303 4354 1369 4409 et
1420 4354 1814 4429 provocaret
1853 4341 2062 4431 gestis
2093 4341 2630 4411 Ecclesiasticis:
2671 4353 2746 4410 ut
2772 4342 2970 4428 quod
3007 4344 3209 4423 forte.

651 4426 832 4497 sicut
886 4428 1260 4509 dicebant,
1325 4429 1648 4519 prosequi
1721 4430 1941 4521 potuit
2011 4431 2082 4500 in
2141 4430 2556 4512 Collatione,
2625 4427 2744 4501 sed
2804 4434 3214 4520 permissus
