3308 5004
188 350 333 420 tim.
354 351 401 418 lt
1103 363 1187 415 nn
1218 366 1293 414 s.
1344 363 1646 415 muman
2415 351 2565 434 &jz

186 448 595 520 homtiennt.
637 446 904 531 Quibus
941 446 1058 516 ille
1117 446 1234 517 Dei
1281 446 1533 536 spirim
1582 446 1858 537 plenus,
1897 445 2200 517 fidenter
2229 446 2650 538 :responditz

182 537 401 608 «solite
436 548 669 639 patres
705 550 771 607 et
816 535 1084 607 domini
1138 534 1314 605 mihi
1359 534 1892 626 obluctari.·Ego
1927 536 2116 605 enim
2169 536 2391 626 probe
2443 536 2649 618 novi,

183 625 308 712 quid
341 625 645 696 faciam.»
685 625 1036 695 Fratribus
1070 637 1301 695 autem
1350 622 1543 704 dixit,
1595 637 1673 693 ut
1729 622 1983 695 studiis
2041 636 2107 694 et
2246 624 2657 695 aedicationi

178 727 454 797 vacarent,
491 713 904 785 monasteria
932 712 1330 794 conderent,
1372 733 1497 783 nec
1521 712 1898 800 quicquam
1927 711 2129 782 sormi
2182 726 2399 796 arent,
2422 714 2656 785 omnia

180 823 442 894 prospera
486 802 816 873 habituri.
846 807 1023 873 Tum
1075 801 1202 885 illi,
1244 801 1428 889 quod
1455 823 1617 871 eum
1668 800 1855 872 haud
1898 800 2271 892 vulgariter
2297 815 2652 885 amarent,

184 891 522 982 perspicuae
566 891 951 963 sanctitatis
980 891 1133 982 ejus
1179 890 1570 961 auctoritati
1620 889 2014 980 promptius
2066 889 2652 982 obtemperarunt,

183 990 460 1068 tamqnam
515 985 647 1051 Deo
697 1002 815 1071 per
861 979 1214 1050 hominem
1276 979 1451 1069 ipsis
1514 979 1911 1069 imperanti.
1967 979 2369 1071 cogitabant
2417 1001 2539 1071 per
2584 980 2655 1050 id

180 1078 388 1158 tempus
416 1070 746 1141 =Tolosani
780 1069 1023 1148 Comiti
1057 1067 1535 1140 Montis-fortis
1566 1090 1763 1138 arma
1808 1067 2086 1149 inferre,
2119 1068 2349 1156 ¹idque
2403 1090 2527 1160 per
2555 1089 2660 1138 re-

176 1155 514 1229 velationem
566 1157 1251 1256 beatus'meinicus
1305 1157 1649 1248 cognovit.
1704 1161 2075 1226 Mousti-ata
2135 1157 2200 1225 ei
2258 1159 2329 1226 in
2373 1156 2655 1228 visione

172 1257 244 1314 est
266 1247 455 1317 arbor
478 1247 883 1338 proceritate
915 1245 1263 1327 sublimis,
1302 1258 1656 1318 venustate
1683 1257 1877 1335 grata
1909 1244 2421 1326 admodum,.in
2454 1249 2659 1333 quus

172 1336 334 1405 nmis
377 1335 753 1427 permultae
778 1356 944 1405 aves
1002 1335 1635 1406 commorabantur.
1683 1340 1935 1405 ¹[eversa
1982 1345 2213 1404 autem
2266 1345 2368 1405 est
2414 1336 2653 1417 arbor,

171 1435 217 1490 st
246 1422 547 1515 degentes
576 1425 649 1493 in
691 1446 769 1495 ea
800 1423 1114 1494 volucres
1146 1424 1532 1493 avolarunt.
1569 1423 1908 1493 Intellexit
1946 1423 2050 1494 vir
2089 1436 2402 1505 sanctus,
2437 1423 2661 1494 amico

168 1530 278 1593 suo,
322 1533 569 1604 magno
601 1525 668 1584 et
713 1511 998 1584 sublimi
1033 1512 1354 1603 principi,
1397 1534 1436 1581 e
1484 1513 1876 1603 propinquo
1905 1523 2193 1582 mortem
2229 1510 2655 1603 impendere:

166 1600 237 1668 uti
267 1601 453 1671 etiam
498 1602 595 1672 rei
646 1600 958 1693 probavit
993 1613 1301 1672 eventus

228 1695 375 1767 5⁴.
420 1695 617 1761 Anno
663 1712 703 1761 a
751 1689 1018 1760 Christo
1066 1700 1226 1759 nato
1270 1710 1525 1760 uccxvn
1572 1689 1991 1760 assentiente
2028 1688 2226 1759 beato
2273 1689 2653 1773 Dominico,

161 1776 369 1849 clectus
409 1794 515 1852 est
560 1779 632 1849 in
670 1780 1007 1851 1Abbatem
1058 1784 1128 1848 12.
1175 1778 1590 1858 Matthaeus,
1653 1779 1776 1867 qui
1842 1789 2145 1848 caeteros
2211 1779 2656 1869 gubernaret.

162 1865 257 1934 Sed
298 1869 440 1958 eJus
502 1867 806 1938 nominis
854 1867 1205 1959 praelatus
1262 1888 1466 1937 nemo
1513 1867 1697 1939 alius
1744 1867 1817 1936 in
1867 1867 2369 1937 Praedicatorio
2409 1868 2663 1938 Ordine

159 1955 355 2026 extitit.
404 1957 540 2040 Qui
580 1957 768 2027 enim
836 1957 957 2027 toti
1003 1956 1243 2027 Ordini
1294 1968 1602 2047 praeest,
1657 1955 1979 2047 Magister
2041 1955 2359 2027 Onlinis:
2414 1956 2664 2026 caeteri

162 2039 474 2116 inferiores
510 2045 821 2137 praelati,
873 2045 1139 2115 Priores
1185 2058 1252 2115 et
1282 2045 1694 2147 supprior-es
1741 2056 2094 2114 vocantur.
2151 2043 2377 2115 Voluit
2430 2057 2661 2115 autem

156 2128 355 2231 beatus
388 2134 789 2205 Dominicus
843 2134 1026 2204 hanc
1065 2134 1342 2205 Abbatis
1391 2134 1893 2205 institutionem
1951 2133 2126 2213 fieri,
2176 2133 2361 2221 quod
2420 2134 2659 2204 decre-

160 2234 328 2292 visset
387 2222 733 2311 proficisci
784 2222 867 2292 ad
920 2227 1317 2305 SaracenoS,
1371 2235 1449 2293 ut
1518 2224 1619 2294 eis
1668 2222 1950 2293 verbum
2014 2222 2132 2292 Dei
2181 2221 2658 2312 praedicaret:

157 2324 535 2402 perurgente
563 2333 723 2382 eum
762 2312 1091 2382 charitate
1122 2311 1393 2393 Christi,
1434 2311 1654 2381 salute
1689 2311 2185 2403 proximorum,
2228 2323 2294 2379 et
2321 2310 2664 2383 desiderio

159 2400 437 2489 martyrii
482 2400 815 2471 obeundi.
868 2405 959 2469 Ea
1007 2404 1216 2470 causa
1264 2400 1674 2488 aliquandiu
1731 2400 2017 2471 barbam
2074 2399 2383 2470 nutrivit.
2435 2399 2668 2492 Coepit

158 2494 272 2585 tum
317 2488 389 2560 in
437 2512 608 2581 agro
654 2489 997 2561 Ecclesiae
1040 2489 1253 2560 electa
1280 2490 1622 2560 seminare
1669 2511 1909 2581 grana,
1946 2510 2125 2577 quae
2169 2487 2471 2558 fructum
2509 2489 2667 2580 plu-

158 2595 403 2675 nnium,
455 2578 645 2650 unde
683 2579 998 2649 coelestis
1043 2584 1237 2649 Pater
1266 2578 1719 2669 glorificatur,
1772 2577 2165 2647 adferrent:
2220 2577 2543 2664 misitque
2589 2579 2664 2648 in

152 2664 521 2754 Hispaniam
570 2680 873 2755 quatuor
918 2667 1183 2748 fratres,
1236 2668 1808 2748 Gnomenicium,
1863 2672 2173 2747 Petrum,
2230 2666 2656 2749 Michaelem,

153 2755 715 2827 et'Dominieum:
768 2757 837 2826 in
889 2757 1148 2845 quibus
1194 2756 1594 2827 Dominicus
1634 2755 1771 2838 hic,
1823 2777 2028 2843 quem
2084 2767 2507 2845 postremum
2541 2777 2667 2825 no-

152 2841 563 2927 minavimus,
615 2867 905 2935 corpore
940 2845 1221 2933 quidem
1273 2845 1403 2915 fuit
1434 2846 1752 2933 exiguus,
1792 2844 1910 2915 sed
1948 2845 2330 2925 sanctitate,
2380 2844 2669 2914 scientia

152 2941 200 2995 et
230 2931 472 3005 virtute
544 2935 986 3025 magnificus.
1052 2938 1227 3004 Sunt
1269 2934 1476 3004 etiam
1548 2934 1846 3004 Parisios
1910 2934 2106 3003 missi
2155 2938 2223 3002 F.
2286 2933 2668 3003 Matthaeus

152 3014 369 3117 electus
412 3024 670 3103 Abbas,
710 3046 871 3093 cum
909 3028 976 3091 F.
1024 3022 1393 3103 Bernardo,
1428 3022 1553 3110 qui
1590 3022 1661 3091 in
1713 3022 2023 3113 seipsum
2070 3021 2205 3091 fuit
2245 3021 2453 3092 homo
2500 3022 2669 3113 rigi-

152 3103 474 3207 dissimus,
529 3123 599 3183 et
642 3112 878 3183 carnis
924 3133 1092 3181 suae
1137 3113 1510 3214 castigator
1555 3111 2062 3189 severissimus,
2128 3110 2488 3198 sanctique
2544 3116 2670 3181 Do-

157 3199 354 3271 minici
393 3202 465 3271 in
502 3199 771 3271 multis·
795 3200 1099 3270 imitator
1143 3200 1463 3282 eximius,
1502 3201 1710 3289 cujus
1738 3200 1944 3269 etiam
1996 3198 2371 3287 aliquando
2399 3200 2669 3270 itineris

154 3302 345 3360 eomes
380 3290 637 3361 fuerat.
690 3290 926 3359 licum
975 3288 1191 3358 literis
1218 3290 1479 3359 summi
1510 3288 1866 3358 Pontificis
1886 3288 2218 3358 Lutetiam
2251 3299 2416 3358 sunt
2445 3289 2664 3371 missi,

158 3385 211 3439 ut
246 3378 798 3450 Praedicatorum
846 3378 1250 3448 Institutum
1308 3378 1793 3448 confirmatum
1855 3376 2079 3467 palam
2130 3376 2662 3447 annunciarent.

156 3460 427 3550 Adjuncti
474 3479 648 3537 sunt
694 3465 794 3536 eis
840 3465 961 3536 alii
1014 3466 1157 3538 duo
1196 3466 1418 3536 studii
1466 3469 1703 3547 cause,
1760 3470 1828 3535 F.
1869 3472 2184 3536 ·Joannes
2241 3478 2307 3535 et
2369 3470 2439 3535 12.
2493 3472 2670 3537 Lau-

159 3555 400 3638 rentius,
452 3556 578 3627 cui
614 3555 833 3626 multa
879 3554 966 3624 de
1010 3555 1500 3626 coenobiorum
1551 3554 1973 3625 habitatione
2017 3567 2084 3624 et
2129 3555 2292 3636 situ,
2335 3553 2421 3624 de
2463 3554 2665 3626 'mul-

160 3647 337 3714 torum
386 3650 711 3716 Fratrum
759 3644 1151 3735 receptione
1179 3644 1517 3714 divinitus
1555 3643 1849 3714 revelata
1895 3643 2221 3714 fuerunt:
2273 3665 2452 3731 quae
2487 3645 2672 3714 sicut

164 3721 345 3801 futura
389 3733 760 3825 praedixit,
816 3734 912 3802 ita
958 3752 1065 3803 res
1111 3735 1264 3824 ipsa
1293 3732 1750 3804 confirmavit.
1806 3738 2125 3803 Seorsum
2177 3746 2405 3802 autem
2471 3732 2671 3802 missi

169 3831 283 3911 &int
310 3836 374 3891 et
414 3822 547 3893 alii
601 3835 759 3897 tres,
813 3834 980 3912 puta
1043 3827 1112 3891 F.
1170 3828 1425 3903 Manes,
1479 3842 1856 3912 germanus
1909 3826 1974 3891 S.
2030 3822 2371 3890 Dominici
2411 3820 2664 3902 frater,

172 3910 756 4003 moontemplator
800 3922 867 3980 et
912 3924 1237 3981 sanctus:
1291 3912 1607 3997 itemque
1625 3916 1695 3979 F.
1735 3909 2020 3980 Michael
2070 3910 2448 4001 HispanuS,
2500 3921 2574 3978 et·
2594 3914 2663 3978 F.

173 3989 432 4071 otherius
464 4021 870 4071 conversus.
923 3999 1006 4070 Hi
1056 4021 1299 4071 omnes
1362 3999 1645 4071 Parisiis
1692 3999 2132 4091 congregati,
2183 3997 2671 4067 conduxerunt

179 4075 399 4156 &mum
427 4103 677 4160 contra
723 4086 904 4159 fores
949 4089 1297 4180 Episcopi,
1348 4089 1420 4159 in
1462 4110 1603 4177 qua
1651 4089 1955 4179 primum
1995 4088 2433 4158 'habitat-unt.
2478 4090 2671 4157 Anno

180 4178 453 4259 sequenti,
690 4188 803 4246 nte
849 4176 920 4246 id
968 4178 1295 4248 Pontifice
1332 4178 1636 4247 Maximo
1685 4177 2006 4258 Honorio,
2054 4176 2212 4245 data
2259 4187 2362 4247 est
2405 4174 2507 4246 eis
2553 4174 2674 4246 do-

188 4271 285 4359 Qs
322 4269 388 4335 S.
437 4266 611 4337 Jaoo
664 4267 686 4336 i
744 4287 785 4335 a
832 4267 1164 4368 magistro
1230 4268 1504 4338 Joanne
1575 4272 1841 4336 Decano
1895 4269 1978 4335 S.
2045 4264 2406 4348 Quinum,
2457 4276 2539 4335 ‘et
2583 4266 2672 4336 ab

194 4340 574 4426 flmersitate
620 4354 1030 4426 Parisiensi:
1081 4378 1294 4445 quam
1334 4355 1446 4425 ⁴illi
1494 4356 1792 4447 ingressi
1842 4365 2009 4426 sunt
2052 4366 2289 4424 octavo
2341 4354 2510 4426 Idus
2535 4357 2673 4424 Au-

192 4441 330 4515 gumi,
368 4445 641 4516 Eodem
674 4465 849 4516 'vero
879 4466 1086 4529 anno,
1123 4467 1264 4535 quo
1311 4444 1416 4515 vir
1461 4456 1746 4543 sanctus
1790 4444 1885 4515 ita
1917 4442 2161 4516 :emisit
2213 4443 2397 4515 filios
2439 4465 2665 4525 suoS,
