3308 5004
682 374 767 438 36
1256 391 1335 436 1)ss
1383 386 1619 437 sumu
1667 387 2018 435 sanamus
2066 386 2467 435 nAannAms
2859 366 3042 434 AUG.
3097 368 3122 432 l

594 475 767 546 fides
793 497 964 544 cana
987 487 1112 557 est,
1144 474 1262 546 sed
1297 473 1522 543 valida
1563 473 1962 563 disciplina.
1998 472 2320 561 Experire
2348 485 2552 553 certe,
2590 470 2858 559 subjice
2887 471 3137 558 quibus

594 566 819 657 placet
870 564 1107 653 poenis
1155 564 1450 655 puerilia
1499 564 1783 638 viscera,
1838 584 1974 632 non
2027 561 2335 630 invenies
2383 560 2594 631 corda
2643 559 2960 650 puerilia,
3018 582 3136 630 nec

596 653 1009 745 potentiores
1047 665 1252 723 erunt
1299 665 1797 722 tormentorum
1849 650 2232 729 machinae,
2264 671 2473 737 quam
2517 649 2864 741 legitimae
2910 649 3139 719 obser-

594 743 891 813 vationis
928 742 1280 812 excubiae.
1336 746 1549 825 Quem
1600 740 1763 810 vicit
1800 753 2143 820 senectuS,
2197 737 2555 830 superabit
2617 737 2890 807 aemula
2949 759 3138 808 sene-

594 832 802 903 ctutis
852 831 1164 921 pueritia.
1207 831 1576 919 Sequimur
1612 842 1872 920 patrem
1918 828 2069 911 filii,
2108 827 2440 917 discipuli
2474 827 2849 897 doctorem.
2888 826 3139 917 Collige

596 920 1104 1011 suppliciorum
1173 921 1634 990 instrumenta
1700 917 2094 1009 proposita:
2151 917 2663 986 meditationem
2729 916 3135 1007 patientiae,

596 1031 734 1079 non
788 1024 1114 1079 terrorem
1149 1009 1465 1080 inscitiae
1513 1008 1834 1086 afferunt,
1889 1006 2054 1077 dum
2105 1006 2449 1075 videntur.
2488 1029 2525 1074 »

686 1106 724 1179 ἓ
774 1103 860 1171 4.
910 1099 1128 1168 lussit
1164 1098 1542 1167 maximum
1579 1109 1748 1165 natu
1793 1096 1983 1186 eligi.
2015 1101 2091 1165 At
2122 1095 2242 1164 ille
2285 1095 2550 1166 ridens:
2582 1100 2853 1177 «Recte,
2891 1095 3137 1181 inquit,

597 1200 883 1257 naturae
930 1186 1243 1258 ordinem
1297 1207 1551 1256 servas.
1597 1184 1724 1255 Sed
1775 1207 1901 1255 cur
1949 1186 2065 1254 Dei
2109 1185 2326 1275 legem
2369 1183 2839 1253 temerandam
2892 1186 3141 1274 putas?

598 1280 677 1345 Et
726 1296 850 1361 pro
900 1278 1149 1368 pietate
1200 1275 1476 1361 quidem
1536 1296 1778 1345 omnes
1829 1274 2110 1344 maximi
2181 1295 2450 1352 sumus,
2504 1272 2623 1342 sed
2676 1285 2899 1342 tamen
2951 1294 2991 1341 a
3040 1294 3149 1343 me

596 1365 998 1434 inchoatum
1049 1363 1341 1454 gaudeo.
1395 1364 1584 1446 Quod
1619 1364 1899 1450 quaeris
1947 1377 1971 1431 t
2023 1383 2260 1444 mnne,
2306 1361 2638 1432 confiteor
2694 1383 2822 1431 nos
2872 1382 3148 1431 summo

596 1458 732 1524 Deo
788 1454 1066 1535 servire,
1119 1465 1186 1522 et
1229 1453 1434 1523 doces
1480 1451 1647 1540 quid
1699 1474 1903 1543 agere
1998 1451 2371 1521 ebeamus?
2419 1452 2487 1521 Si
2553 1464 2625 1520 tu
2674 1462 2863 1519 tanta
2930 1451 3141 1540 perti-

598 1543 801 1611 nacia,
849 1543 949 1612 vis
997 1554 1399 1628 extorquere
1445 1541 1842 1622 veritatem,
1894 1563 2022 1610 cur
2084 1561 2218 1610 non
2268 1540 2458 1609 omni
2508 1539 2759 1609 virtute
2824 1560 2948 1609 nos
2994 1560 3147 1609 eam

600 1630 968 1701 tenendam
1021 1644 1348 1722 putemus
1367 1631 1437 1698 ‘?»
1487 1630 1664 1715 Quid
1719 1629 1965 1720 plura'?
2011 1628 2440 1698 Adhibentur
2487 1629 2833 1699 variarum
2898 1649 3149 1718 genera

598 1741 1009 1809 poenarum.
1065 1719 1191 1790 Sed
1244 1720 1406 1789 vicit
1474 1720 1695 1811 pietas
1773 1718 2225 1789 immanitatis
2293 1717 2646 1800 furorem,
2698 1717 2980 1787 exclusa
3047 1728 3156 1787 est

598 1808 858 1891 anima,
913 1830 1051 1879 non
1109 1808 1373 1899 religi0.
3223 1872 3230 1877 .

685 1899 723 1986 §
769 1903 857 1971 ὅ.
914 1898 1274 1968 Secundus
1322 1897 1631 1978 accessit,
1686 1917 1812 1966 nec
1859 1895 2160 1987 degener
2202 1893 2434 1965 fratris
2486 1894 2723 1964 munia
2776 1894 2928 1985 piae
2974 1916 3145 1965 con-

596 1985 918 2057 fessionis
965 1986 1297 2077 implevit.
1351 1991 1430 2056 Et
1462 1985 1648 2056 'cum
1698 1985 2172 2055 detraheretur
2241 1985 2643 2055 membrana
2703 1984 2989 2073 capitiS,
3043 2005 3156 2053 re-

597 2075 919 2176 spondit:
958 2098 995 2143 «
1024 2074 1317 2146 Aufertis
1349 2075 1628 2163 quidem
1686 2074 2186 2155 membranam,
2242 2074 2360 2143 sed
2418 2072 2640 2144 habeo
2678 2072 2946 2163 galeam
3007 2072 3154 2164 spi-

597 2163 894 2246 ntalem,
941 2185 1151 2252 quam
1202 2186 1337 2249 non
1392 2164 1675 2254 potestis
1722 2161 2017 2234 auferre.
2068 2167 2146 2232 Et
2195 2184 2348 2232 vere
2396 2161 2576 2232 hanc
2672 2161 2893 2230 aleam
2942 2183 3148 2232 nemo

597 2252 868 2323 auferre
917 2262 1158 2345 potest,
1211 2253 1393 2323 sicut
1441 2266 1675 2342 postea
1713 2251 2078 2343 Apostolus
2107 2252 2344 2322 docuit
2388 2252 2458 2321 in
2503 2255 2633 2320 Ecc
2664 2251 2807 2320 esia
2848 2250 3146 2333 Domini,

595 2342 761 2429 quia
806 2356 1018 2433 caput
1064 2342 1193 2411 viri
1242 2342 1553 2412 Christus
1627 2353 1776 2421 est,
1829 2355 1894 2412 et
1951 2341 2107 2430 ejus
2176 2362 2423 2411 sumus
2484 2341 2820 2410 membra.
2866 2366 2889 2401 »
2950 2344 3152 2410 Recte

600 2452 775 2521 puer
822 2431 1026 2502 istam
1098 2431 1332 2501 divino
1401 2430 1652 2523 spiritu
1712 2429 2098 2500 doctrinam
2163 2428 2619 2522 Apostolicam
2684 2427 3150 2521 praevidebat.

597 2520 953 2591 Exuebant
985 2521 1328 2592 immanes
1375 2520 1632 2590 bestiae
1679 2521 1945 2590 corium
1995 2519 2285 2610 capitis,
2341 2518 2717 2611 pardalicis
2764 2516 3155 2590 feritatibus

596 2610 1014 2680 saeviebant.
1068 2616 1145 2680 At
1189 2610 1308 2681 ille
1354 2609 1723 2680 deficiens:
1778 2631 1815 2676 «
1849 2613 2066 2692 Quam
2118 2608 2322 2678 dulce
2353 2620 2479 2688 est,
2519 2608 2767 2695 inquit,
2824 2607 2998 2677 mori
3030 2629 3157 2697 pro

596 2699 952 2790 religione,
1005 2722 1215 2786 quam
1253 2699 1486 2770 suavis
1532 2697 1763 2768 omnis
1801 2697 2141 2767 acerbitas
2192 2696 2433 2766 mortis
2467 2718 2592 2788 pro
2644 2697 2933 2787 pietate:
2985 2696 3154 2783 quia

596 2801 828 2857 manet
873 2788 1120 2858 horum
1173 2788 1635 2858 remuneratio
1686 2786 2031 2857 laborum.
2084 2790 2227 2856 Tua
2263 2798 2448 2867 sunt,
2487 2807 2627 2867 rex,
2665 2784 2983 2877 graviora
3013 2798 3158 2854 tor-

598 2889 854 2975 menta,
909 2889 987 2947 tu
1018 2877 1155 2947 tuis
1205 2875 1678 2946 vehementius
1717 2875 2057 2964 torqueris
2088 2873 2482 2965 supplicii3‚
2518 2874 2685 2962 quia
2731 2874 2924 2944 vides
2960 2874 3150 2944 vinci

599 2985 668 3031 ln
711 2976 1062 3055 potestate.
1101 2988 1137 3031 »
2142 3034 2145 3038 ,

685 3054 723 3141 ξ
771 3060 863 3125 Β.
917 3058 994 3123 Et
1040 3053 1170 3124 hoc
1217 3052 1564 3135 defunctO,
1610 3051 1887 3123 tertium
1930 3051 2141 3121 statui
2188 3049 2323 3121 sibi
2373 3049 2610 3138 jussit.
2663 3055 2939 3119 Etcum
2989 3072 3155 3121 eum

598 3141 851 3232 partim
901 3154 1192 3212 tentaret
1252 3142 1560 3224 insidiis,
1634 3141 1884 3232 partim
1936 3153 2219 3230 cuperet
2265 3152 2522 3211 terrore
2571 3138 2976 3230 percellere,
3047 3162 3161 3209 re—

597 3230 881 3320 spondit
908 3230 993 3302 ad
1017 3253 1177 3302 eum
1206 3254 1221 3299 :
1254 3253 1291 3298 «
1320 3235 1464 3301 Non
1503 3229 1751 3301 faciam
1795 3229 2217 3301 voluntatem
2255 3241 2469 3308 tuam,
2508 3251 2648 3300 non
2697 3228 3158 3299 succumbam

596 3318 891 3410 imperio
942 3333 1081 3390 tuo.
1162 3324 1287 3390 Per
1348 3319 1615 3390 beatam
1667 3318 1861 3388 illam
1900 3318 2191 3388 fratrum
2257 3340 2570 3388 meorum
2633 3317 3021 3408 passionem
3093 3329 3163 3388 et

600 3408 900 3478 nobilem
952 3409 1188 3490 vitam,
1242 3429 1380 3477 non
1434 3407 1698 3500 negabo
1747 3408 1935 3499 piam
1984 3408 2533 3498 germanitatem.
2572 3410 2760 3489 Quae
2806 3405 2909 3475 vis
2956 3405 3160 3476 adhi-

597 3497 753 3567 beto
809 3498 1156 3589 supplicia
1186 3552 1201 3581 ‚
1257 3497 1519 3585 quibus
1568 3498 1793 3588 magis
1840 3518 2092 3587 urgeas
2120 3549 2141 3578 ,
2216 3495 2346 3566 hoc
2412 3494 2729 3585 proficies
2776 3495 3152 3585 asperitate

649 3608 1010 3667 oenarum,
1063 3600 1142 3657 ut
1189 3586 1449 3674 majora
1481 3585 1875 3658 testimonia
1904 3597 2180 3655 nostrae
2273 3584 2705 3655 ermanitatis
2752 3583 3084 3674 accipiaS.
3115 3606 3156 3652 »

645 3675 827 3746 ussit
875 3675 1105 3764 itaque
1163 3678 1226 3745 ei
1289 3676 1604 3766 linguam
1654 3674 2029 3766 amputari.
2072 3677 2150 3743 At
2195 3608 2315 3743 ifle
2352 3671 2749 3743 exclamans
2787 3695 2802 3736 ε
2857 3695 2894 3739 «
2922 3673 3165 3744 Victus

597 3786 694 3838 es.
751 3764 1002 3852 inquit,
1037 3764 1386 3847 Antioche,
1428 3764 1550 3853 qui
1582 3785 1923 3856 organum
1963 3763 2150 3833 vocis
2182 3762 2503 3833 abscindi
2531 3761 2762 3853 jubes.
2795 3759 3167 3831 Confessus

598 3875 672 3922 es
724 3866 786 3923 te
835 3854 1252 3942 respondere
1301 3875 1439 3924 non
1501 3875 1702 3945 posse
1748 3852 2040 3934 rationi,
2105 3852 2508 3940 maioraque
2569 3850 2821 3942 probas
2878 3849 3170 3941 linguae

600 3955 876 4012 nostrae
943 3943 1253 4033 flagella,
1307 3964 1516 4031 quam
1582 3953 1698 4012 tua
1746 3941 2052 4011 verbera.
2106 3945 2239 4011 Nos
2287 3940 2470 4009 enim
2523 3951 2643 4010 tua
2688 3938 2970 4009 verbera
3018 3959 3165 4009 non

603 4029 952 4112 timemus,
1008 4045 1081 4101 tu
1117 4046 1390 4103 nostrae
1435 4031 1622 4102 vocis
1654 4032 1746 4100 ssa
1795 4030 1932 4100 ella
1981 4052 2116 4100 non
2172 4041 2364 4121 potes
2416 4030 2784 4099 sustinere.
2824 4028 2953 4098 Sed
2992 4026 3172 4097 haec

599 4117 873 4209 pietatis
920 4120 1196 4212 flagella
1243 4134 1446 4204 sunt,
1514 4134 1657 4202 tua,
1734 4054 2008 4211 ffagella
2055 4118 2412 4211 perfidiae.
2464 4117 2593 4188 Sed
2640 4118 2847 4189 etiam
2917 4117 3166 4206 lingua

600 4208 899 4291 sublata,
952 4210 1234 4312 gravius
1281 4223 1345 4281 te
1395 4232 1522 4281 suo
1569 4208 1828 4280 cadens
1875 4230 2237 4280 murmure
2295 4207 2697 4299 flagellabit.
2750 4205 3054 4277 Evadere
3103 4218 3175 4275 te

600 4308 806 4387 putas
834 4300 1184 4382 Antioche,
1220 4300 1279 4369 si
1306 4320 1536 4369 vocem
1577 4299 1884 4389 eripias?
1912 4303 1991 4368 Et
2026 4308 2327 4369 tacentes
2349 4301 2529 4368 Deus
2567 4295 2786 4378 audit,
2838 4307 2905 4365 et
2937 4294 3176 4385 magis

602 4385 821 4456 audit.
874 4392 1045 4459 Ecce
1094 4388 1337 4480 aperui
1385 4409 1462 4459 os
1510 4409 1771 4470 meum,
1843 4387 2066 4458 laxavi
2114 4386 2430 4478 linguam
2487 4407 2710 4456 meam
2743 4442 2759 4467 ,
2823 4383 3176 4455 abscinde

602 4473 960 4567 linguam:
1012 4476 1132 4550 sed
1181 4499 1321 4548 non
1369 4476 1740 4549 abscindes
1779 4475 2267 4560 constantiam,
2315 4497 2453 4547 non
2488 4476 2807 4547 virtutem
2853 4472 3166 4558 aufereS,
