3308 5004
142 344 335 413 Aue.
397 345 483 410 28
1016 360 1103 407 mr.
1144 361 1219 414 s.⁴
1252 291 1526 409 sumno¹
1567 360 1858 409 :aarum
2482 342 2600 411 70⁴

144 446 281 516 nisi
318 447 650 517 orationis
696 447 933 526 eausa,
987 446 1317 516 Viennam
1355 444 1573 526 adire,
1625 460 1693 516 et
1727 446 2096 536 praecipue
2142 446 2542 537 sepulcrum
2597 446 2701 515 vi-

148 536 358 607 sitare
391 535 685 605 Ferreoli
740 534 1068 625 martyris
1120 535 1426 623 gloriosi.
1480 534 1833 605 Insederat
1887 536 2075 605 enim
2133 536 2370 617 menti,
2427 548 2704 627 propter
2763 603 2764 606 ,

143 625 506 712 antiquam
558 624 997 694 dilectionem
1046 644 1314 702 eorum,
1370 646 1479 694 me
1516 625 1618 694 sic
1649 646 1797 694 esse
1829 625 1985 714 ejus
2014 624 2407 705 alumnum,
2452 638 2531 695 ut
2573 631 2702 694 Ju-

147 713 343 783 liani.
400 714 703 802 Denique
748 713 1057 783 oratione
1103 711 1305 792 facta,
1356 713 1546 804 erigo
1576 713 1939 783 oculorum
1980 713 2199 782 aciem
2235 713 2324 782 ad
2365 712 2698 795 tribunal,

148 802 640 893 conspicioque
689 802 758 870 in
808 822 888 871 eo
936 801 1314 872 versiculos
1342 803 1471 871 hoc
1522 802 1725 873 modo
1757 802 2184 893 conscriptos

548 945 773 1009 Heroas
803 943 1030 1008 Christi
1073 946 1347 1022 geminos
1392 946 1537 1008 haec
1579 947 1858 1009 continet
1898 946 2066 1009 aula:

465 1025 777 1089 lulianum
822 1027 1043 1105 capite,
1088 1042 1337 1106 corpore
1380 1024 1758 1089 Ferreolum.

239 1163 551 1245 Cumque
600 1158 764 1227 haec
815 1156 1084 1248 legem,
1138 1156 1497 1228 aedituum
1545 1157 2007 1238 consulerem,
2051 1178 2182 1228 cur
2234 1158 2402 1227 haec
2450 1159 2708 1249 scripta

149 1248 250 1317 sic
308 1246 587 1328 fuerint,
660 1245 1052 1337 respondit:
1108 1247 1398 1317 Basilica
1458 1248 1684 1316 sancti
1733 1247 2061 1337 martyris
2125 1247 2418 1316 Ferreoli
2500 1269 2709 1339 super

148 1336 383 1427 ipsum
436 1336 752 1405 Rhodani
804 1336 966 1406 litus
1016 1335 1103 1405 ab
1135 1337 1442 1423 antiquis
1503 1335 1726 1406 suerat
1773 1335 2131 1406 collocata.
2189 1337 2492 1425 Denique
2544 1358 2706 1408 cum

150 1424 572 1514 impulsante
624 1424 943 1494 violentia
990 1426 1241 1504 amnis,
1283 1424 1610 1512 porticus,
1666 1446 1845 1513 quae
1889 1425 1979 1494 ab
2023 1446 2105 1495 ea
2154 1438 2348 1526 parte
2403 1438 2548 1495 erat
2592 1426 2709 1496 .lo-

148 1528 323 1593 cata,
378 1527 745 1593 corrueret,
802 1513 1131 1603 providus
1178 1513 1521 1595 sacerdos,
1577 1520 1949 1585 Mamertus
1981 1535 2308 1595 nomine,
2361 1515 2479 1602 qui
2544 1527 2709 1584 tunc

149 1603 603 1672 Viennensem
673 1603 949 1692 regebat
993 1602 1408 1698 ecclesiam,
1495 1604 1770 1672 ruinam
1846 1602 2147 1673 futuram
2205 1602 2701 1694 ‘praeveniens

150 1691 357 1761 aliam
389 1691 1057 1782 basilicameleganti
1090 1713 1295 1782 opere
1331 1692 1482 1760 etin
1515 1692 1667 1782 ipsa
1705 1713 2028 1762 mensura
2066 1692 2296 1783 sagaci
2328 1691 2710 1761 intentione

149 1780 558 1860 construxit,
598 1780 765 1850 illuc
805 1781 1025 1850 sancti
1078 1780 1396 1868 martyris
1461 1779 1831 1851 transferre
1888 1783 2181 1871 cupiens
2239 1801 2519 1872 corpus.
2574 1781 2707 1849 Ad-

153 1870 336 1938 venit
374 1881 601 1937 autem
659 1869 743 1938 ad
795 1869 926 1940 hoc
972 1891 1149 1960 opus
1209 1870 1545 1941 Abbatum
1614 1883 1821 1957 atque
1863 1871 2355 1940 Monachorum
2411 1889 2708 1961 magnus

154 1978 517 2038 numeruS,
570 1957 985 2048 vigilataque
1056 1972 1272 2038 nocte,
1327 1971 1609 2048 accepto
1654 1959 1933 2029 sarculo
1993 1957 2225 2030 fodere
2306 1970 2707 2049 coeperunt.

155 2051 465 2132 Cumque
522 2047 591 2114 in
647 2047 987 2137 profundo
1021 2046 1537 2129 descenderent,
1585 2048 1710 2117 tria
1784 2047 2100 2137 sepulcra
2152 2048 2551 2139 reperiunt,
2629 2067 2711 2117 ac

155 2133 517 2206 confestim
553 2148 793 2225 stupor
841 2150 1102 2205 mentes
1152 2137 1608 2225 spectantium
1663 2137 1947 2205 invadit.
1986 2142 2115 2206 Nec
2157 2137 2525 2225 quisquam
2563 2146 2710 2206 erat

156 2237 411 2305 certuS,
445 2225 765 2309 quisnam
809 2237 985 2294 esset
1032 2225 1208 2293 beati
1249 2225 1568 2312 martyris
1615 2224 1953 2294 tumulus.
1989 2231 2014 2295 l
2070 2226 2208 2294 itur
2240 2248 2399 2294 cum
2452 2235 2712 2295 starent

153 2334 397 2382 omnes
446 2314 517 2380 in
567 2314 875 2383 hebetate
927 2315 1173 2383 mentis
1221 2316 1537 2395 attoniti,
1592 2315 1976 2403 inspirante
2013 2249 2122 2405 ἕυῑ
2168 2314 2404 2404 credo)
2455 2313 2711 2381 divini-

159 2416 315 2481 tate,
360 2423 547 2470 unus
572 2425 647 2471 ex
686 2403 1299 2472 circumstantibus
1327 2404 1686 2484 exclamat,
1721 2403 2000 2472 dicens:
2046 2403 2441 2490 Antiquitus
2476 2401 2712 2471 referri

156 2491 435 2561 solitum
477 2506 661 2574 erat,
715 2506 780 2562 et
817 2491 1069 2562 celebri
1132 2514 1251 2583 per
1313 2493 1606 2595 populos
1666 2514 1982 2563 sermone
2052 2492 2406 2583 vulgatum
2442 2546 2456 2571 ‚
2502 2500 2712 2582 caput
2825 2544 2834 2552 .

154 2581 418 2649 Juliani
452 2582 873 2652 confessoris
902 2583 968 2649 in
1003 2582 1319 2672 sepulcro
1354 2585 1626 2652 retineri
1654 2583 1981 2672 martyris
2017 2581 2333 2651 Ferreoli.
2372 2581 2481 2650 Sic
2508 2601 2711 2672 oper·

165 2671 336 2738 torio
366 2684 616 2751 amot0,
672 2671 1156 2758 unusquisque
1204 2672 1702 2750 consideretur,
1758 2684 1824 2741 et
1885 2672 1985 2740 sic
2052 2682 2292 2761 potest,
2347 2689 2526 2757 quae
2573 2670 2715 2740 sint

158 2759 467 2827 membra
520 2759 808 2829 Ferreoli
859 2761 1202 2847 martyris,
1259 2762 1575 2850 protinus
1618 2761 1935 2829 inveniri.

245 2849 393 2931 ξὸ.
431 2852 609 2917 Haec
637 2849 930 2917 audiens
962 2849 1306 2930 sacerdos,
1342 2863 1628 2919 cunctos
1659 2850 1852 2935 jubet
1886 2849 1956 2917 in
1992 2849 2302 2917 oratione
2337 2846 2718 2938 prosterni,

163 2939 311 3017 Qua
346 2935 666 3034 impleta,
722 2938 1025 3026 procedit
1058 2937 1144 3006 ad
1196 2938 1538 3008 tumulos:
1592 2939 2013 3025 detectisque
2056 2937 2357 3018 duobus,
2398 2936 2714 3038 singulos

163 3023 235 3092 in
292 3024 401 3092 his
448 3026 878 3110 quiescentes
936 3026 1195 3096 invenit
1235 3028 1438 3097 viros.
1485 3033 1792 3115 Cumque
1844 3027 2231 3118 aperuisset
2276 3038 2344 3096 et
2382 3038 2654 3095 tertium
2692 3076 2708 3102 ,

161 3113 421 3182 invenit
470 3114 536 3181 in
579 3136 657 3181 eo
709 3116 930 3184 virum
960 3115 1303 3203 jacentem
1344 3116 1582 3185 illaeso
1614 3138 1925 3207 corpore,
1966 3117 2233 3206 integro
2266 3116 2710 3185 vestimento:

158 3202 279 3289 qui
327 3201 560 3271 deciso
606 3204 850 3293 capite,
900 3218 1111 3292 caput
1143 3204 1503 3290 amplexus
1550 3206 1767 3286 aliud,
1810 3205 2094 3274 brachio
2142 3204 2513 3274 detinebat.
2555 3208 2717 3271 Erat

159 3292 345 3360 enim
381 3291 522 3373 acsi
560 3314 784 3381 nuper
821 3294 1161 3382 sepultus,
1221 3315 1439 3381 neque
1494 3294 1753 3383 pallore
1801 3294 1998 3363 faciei
2034 3293 2455 3375 demutatus,
2491 3312 2716 3378 neque

157 3378 569 3469 capillorum
619 3380 967 3451 decisione
1016 3396 1356 3473 turpatus,
1415 3403 1633 3470 neque
1683 3382 1823 3452 ulla
1889 3381 2252 3471 putredine
2311 3381 2656 3452 resolutus
2696 3403 2709 3446 :

161 3469 278 3539 sed
323 3470 411 3539 ita
455 3469 719 3561 integer
749 3483 813 3539 et
852 3470 1155 3551 illaesus,
1194 3484 1270 3541 ut
1302 3485 1582 3561 putares
1611 3493 1771 3541 eum
1811 3472 2042 3541 adhuc
2091 3491 2336 3561 sopore
2385 3489 2720 3561 corporeo

158 3557 475 3627 detineri.
526 3564 715 3628 Tunc
762 3560 1049 3630 antistes
1076 3560 1333 3650 gaudio
1387 3581 1636 3651 magno
1673 3560 1998 3651 repletus,
2053 3560 2188 3629 ait:
2243 3565 2386 3629 Hoc
2420 3579 2571 3629 esse
2601 3578 2722 3627 ca-

158 3646 367 3716 daver
406 3648 720 3727 Ferreoli,
776 3649 905 3719 hoc
957 3662 1059 3720 est
1096 3662 1305 3739 caput
1347 3649 1612 3719 ‚Iuliani
1649 3650 1998 3738 martyris,
2053 3648 2347 3718 dubium
2403 3668 2540 3717 non
2594 3648 2720 3715 ba·

157 3736 380 3806 betur.
434 3742 623 3806 Tunc
654 3759 816 3807 cum
857 3760 1106 3829 magno
1158 3737 1479 3827 psalterio
1512 3738 1881 3829 plaudente
1917 3738 2196 3830 populo,
2239 3739 2310 3806 in
2365 3736 2537 3817 loco,
2590 3735 2722 3805 ubis

162 3846 350 3894 nune
376 3840 505 3906 est,
552 3826 881 3895 adoratur
913 3828 1203 3897 Domino
1246 3841 1619 3897 annuente.

249 3916 286 4000 ξ
333 3920 427 3987 0.
482 3920 663 3984 Haec
706 3928 937 3984 autem
986 3929 1063 3985 ut
1111 3916 1194 3985 ad
1248 3916 1647 4003 sepulcrum
1721 3916 2042 4006 martyris
2088 3916 2176 3985 ab
2224 3916 2377 4006 ipso
2439 3913 2720 3984 aedituo

163 4022 246 4070 co
298 4005 477 4083 novi,
531 4003 825 4074 fideliter
872 4004 1098 4073 retuli.
1156 4006 1435 4074 Praebet
1484 4019 1711 4075 tamen
1767 4004 1931 4076 huic
1978 4005 2170 4106 operi
2236 4004 2724 4095 testimonium

165 4092 210 4160 S
288 4091 418 4162 lius
470 4106 720 4173 noster,
769 4094 899 4182 ipsi
955 4098 1279 4163 Mamerto
1327 4094 1640 4165 scribens
1690 4094 1804 4163 his
1851 4095 2121 4164 verbis:
2173 4095 2318 4164 Tibi
2376 4092 2503 4163 soli
2551 4111 2720 4161 eou-

162 4200 361 4249 cessa
403 4195 504 4251 est
553 4183 621 4249 in
677 4195 868 4271 parte
914 4183 1107 4253 orbis
1152 4182 1450 4263 occidui,
1506 4183 1836 4273 martyris
1885 4183 2177 4253 Ferreoli
2226 4182 2449 4254 sol-ida
2497 4193 2720 4251 tram

164 4267 353 4347 latio,
405 4268 667 4359 adjecto
718 4273 932 4340 nostri
964 4273 1190 4361 capite
1234 4270 1533 4354 Juliani,
1587 4272 1950 4361 unde‘pro
1996 4272 2560 4361 compensatione
2599 4270 2722 4340 de-

164 4356 544 4446 poscimur„
586 4371 664 4428 ut
718 4359 919 4429 nobis
968 4359 1130 4429 inde
1169 4362 1398 4430 veniat
1444 4382 1609 4451 pars
1653 4359 2044 4452 patrocinii,
2097 4363 2263 4449 quia
2312 4360 2509 4430 vobis
2553 4357 2720 4431 hinc

164 4443 371 4516 mdiit
419 4468 580 4537 pars
619 4448 911 4537 patroni.
2137 4496 2140 4505 ·
