3308 5004
172 370 317 436 ΔΗΕ.
354 368 392 434 2
876 384 956 431 mr
1002 383 1058 432 s.
1111 381 1435 431 summo
1483 382 1643 429 rara
1691 380 1881 430 naar.
2464 363 2539 428 9⁴

234 473 264 559 §
303 474 375 541 2.
419 473 601 538 Tunc
651 468 1005 559 presbyter
1073 467 1394 554 quidam,
1462 465 1741 537 nomine
1786 470 2064 536 Bonus:
2122 486 2158 532 «
2187 469 2341 546 Nos,
2387 463 2636 553 inquit,

168 574 413 628 terrenas
453 570 720 628 nostras
767 554 1124 627 facultates
1173 555 1561 642 relinquere
1611 554 1675 622 in
1729 553 1963 623 animo
1996 553 2384 624 habemus:
2435 553 2642 640 quin-

163 647 332 716 immo
371 645 771 749 sanguinem
822 644 1051 734 ipsum
1108 658 1382 734 propter
1419 643 1785 713 Dominum
1831 654 2140 713 nostrum
2175 647 2414 712 Jesum
2449 641 2640 712 Chri-

168 750 326 816 stum,
372 749 431 805 et
462 756 617 823 eJus
669 734 967 804 nominis
1008 732 1505 804 confessionem
1556 730 1910 800 effundere
1975 730 2197 821 parati
2249 753 2520 812 summ,
2564 744 2644 802 ut

168 823 313 892 illum
357 823 623 910 assequi
671 822 865 914 digni
913 820 1317 892 efficiamur.
1376 821 1497 891 His
1543 819 1772 901 dictis,
1810 840 2053 890 omnes
2092 819 2323 889 clerici
2358 818 2443 889 ad
2478 821 2636 889 bea-

171 912 357 981 tissimi
403 911 747 982 Pontificis
784 911 987 1001 pedes
1027 910 1366 1003 prostrati,
1402 908 1912 998 significarunt,
1949 920 2114 997 quot
2141 908 2435 995 quisque
2469 929 2641 1008 gen-

165 998 274 1069 tiles
311 1000 485 1070 domi
521 1022 686 1071 suae
716 1000 1017 1073 haberet.
1069 1001 1185 1087 qui
1225 998 1551 1088 baptizari
1585 1009 1921 1087 optarent.
1960 1002 2195 1084 Itaque
2234 1020 2275 1066 a
2315 995 2642 1066 Pontifice

163 1090 544 1174 quaerebant,
577 1111 744 1159 num
780 1088 940 1169 alic,
979 1111 1063 1158 an
1103 1087 1183 1157 ad
1223 1109 1382 1158 eum
1436 1086 1589 1156 illos
1638 1085 1919 1156 ducturi
1957 1097 2206 1165 essent,
2245 1107 2383 1172 quo
2415 1084 2643 1175 bapti-

156 1179 259 1245 zari
302 1191 588 1268 possent.
637 1178 851 1248 lussit
894 1177 1104 1269 igitur
1153 1175 1594 1246 beatissimus
1642 1175 2048 1265 EpiscopuS,
2105 1188 2182 1245 ut
2231 1187 2499 1265 postero
2528 1173 2673 1243 die*

160 1264 220 1333 ad
281 1280 625 1368 cryptam,
698 1288 875 1353 quae
940 1265 1331 1357 appellatur
1377 1265 1793 1354 Nepotiana,
1858 1284 2099 1333 omnes
2169 1261 2638 1332 convenirent.

158 1357 284 1423 Cum
332 1356 537 1447 igitur
572 1355 656 1425 ad
693 1377 842 1425 eam
887 1368 1197 1445 cryptam
1246 1352 1749 1434 convenissent,
1805 1351 2061 1421 inventi
2098 1365 2259 1422 sunt
2309 1350 2452 1420 illic
2502 1362 2640 1420 tam

156 1462 355 1524 mares,
389 1466 599 1532 quam
658 1443 1017 1524 foeminae,
1071 1454 1344 1512 centurn
1395 1455 1463 1512 et
1515 1456 1708 1512 octo:
1755 1463 1927 1528 quos
1962 1439 2079 1510 illo
2130 1440 2279 1530 ipso
2328 1439 2437 1509 die
2467 1444 2644 1511 Pon·

156 1528 275 1600 tifex
310 1532 372 1601 in
408 1533 685 1602 nomine
744 1532 1013 1601 Domini
1064 1531 1274 1601 nostri
1328 1531 1490 1600 Jesu
1558 1529 1847 1611 Christi,
1895 1528 2331 1603 sanctissimo
2382 1528 2642 1618 baptis-

155 1631 297 1689 mate
339 1632 400 1690 et
443 1620 603 1690 aliis
657 1620 911 1690 divinis
953 1643 1017 1688 m
1073 1620 1296 1690 steriis
1352 1620 1800 1699 consecravit,
1854 1630 1919 1687 et
1970 1630 2048 1688 ut
2097 1616 2235 1687 illis
2296 1617 2640 1707 placatum

150 1727 210 1776 ac
252 1709 611 1800 propitium
673 1715 880 1779 Deum
935 1732 1005 1779 re
1058 1709 1267 1789 deret,
1331 1707 1749 1778 sacrificium
1799 1706 2072 1788 obtulit,
2128 1707 2365 1794 sicque
2405 1727 2646 1775 omues

150 1799 702 1869 Sacramentorum
750 1798 1115 1889 participes
1148 1796 1308 1867 facti
1341 1810 1526 1867 sunt.
1945 1859 1946 1862 ,

205 1886 244 2041 ἓ
282 1889 369 1958 8.
422 1892 514 1956 Eo
546 1900 772 1957 autem
806 1886 940 1967 die,
976 1887 1098 1974 qui
1132 1886 1458 1974 deinceps
1493 1896 1770 1956 secutus
1801 1896 1926 1965 est,
1983 1884 2223 1954 beatus
2256 1882 2646 1984 Stephanus

146 1993 204 2040 or
249 1974 448 2045 inavit
493 1988 633 2045 tres
680 1977 1139 2066 Presbyteros,
1177 1988 1242 2046 et
1273 1987 1527 2064 septem
1583 1974 1939 2053 Diaconos,
1992 1995 2072 2042 ac
2121 1972 2463 2042 sexdecim
2501 1971 2642 2041 Cle-

145 2060 328 2131 ricos:
376 2075 442 2134 et
489 2062 759 2143 sedens,
811 2086 1052 2133 omnes
1105 2063 1256 2133 illos
1304 2061 1589 2132 docebat
1637 2062 1723 2131 de
1770 2067 2005 2151 Regno
2058 2062 2192 2143 Dei,
2231 2083 2309 2131 ac
2342 2060 2427 2129 de
2462 2082 2645 2129 sem-

142 2149 369 2236 piterna
404 2152 526 2221 illa
554 2154 711 2233 vita,
748 2174 924 2239 quae
957 2151 1185 2222 futura
1222 2164 1347 2221 est.
1386 2157 1532 2221 Mox
1564 2162 1936 2237 coeperunt
1974 2149 2209 2241 populi
2258 2171 2340 2219 ex
2374 2147 2650 2220 Graecis

141 2252 190 2305 et
225 2240 499 2327 reliquis
547 2241 872 2331 gentibus
919 2240 1000 2310 ad
1053 2263 1208 2309 eum
1264 2241 1541 2309 venire:
1592 2240 1712 2327 qui
1783 2238 2052 2309 divinos
2117 2259 2469 2308 sermones
2515 2261 2645 2307 au-

141 2325 392 2427 dientes,
431 2353 472 2399 a
513 2329 859 2430 Stephano
913 2329 1231 2419 pontifice
1260 2328 1810 2419 baptizabantur.
1847 2332 2112 2397 Interea
2144 2327 2325 2396 venit
2354 2325 2639 2413 quidam

140 2416 451 2488 Tribunus
504 2418 830 2501 militum,
886 2417 1239 2488 Nemesius
1292 2418 1589 2499 nomine,
1642 2417 1757 2487 cui
1814 2429 1956 2485 erat
2003 2415 2149 2485 filia
2188 2415 2417 2496 unica,
2470 2436 2647 2501 quae

138 2502 202 2572 ad
244 2506 687 2577 incunabulis
718 2520 989 2598 apertos
1019 2506 1300 2594 quidem
1331 2505 1569 2577 oculos
1602 2507 1960 2586 habuerat,
1993 2505 2110 2576 sed
2154 2504 2325 2574 nihil
2359 2526 2470 2574 om
2485 2504 2652 2573 nino

141 2591 556 2684 adspiciebat.
595 2594 717 2666 Ille
749 2617 821 2665 se
868 2596 949 2665 ad
990 2597 1165 2666 beati
1217 2594 1567 2665 Pontificis
1602 2596 1809 2686 pedes
1859 2593 2245 2695 prostravit,
2299 2615 2379 2662 ac
2431 2591 2647 2661 dixit:

138 2682 239 2751 Oro
284 2695 366 2765 te,
420 2683 755 2764 Pontifex,
801 2697 877 2754 ut
914 2707 1025 2754 me
1065 2696 1130 2754 et
1178 2683 1390 2754 filiam
1432 2705 1651 2753 meam
1695 2684 2034 2773 baptizeS,
2074 2703 2211 2769 quo
2258 2694 2323 2750 et
2364 2680 2511 2770 ipsa
2565 2678 2648 2748 il·

140 2766 509 2854 luminetur,
548 2787 613 2843 et
644 2774 914 2842 animas
946 2786 1213 2843 nostras
1240 2774 1325 2842 ab
1356 2772 1651 2842 aeternis
1688 2773 1984 2842 tenebris
2004 2771 2285 2861 eripias,
2315 2768 2649 2857 quoniam

136 2856 201 2927 ad
237 2859 408 2931 hanc
469 2882 698 2949 usque
746 2861 923 2931 diem
987 2884 1259 2952 semper
1310 2862 1380 2930 in
1441 2863 1796 2931 aerumnis
1854 2873 1919 2930 et
1969 2860 2325 2931 doloribus
2376 2870 2651 2949 propter

142 2944 314 3036 hujus
350 2949 541 3020 filiae
576 2972 763 3019 meae
787 2950 1181 3021 caecitatem
1220 2962 1528 3021 versatus
1559 2949 1681 3019 fui.
1725 2955 1914 3019 Tunc
1946 2950 2189 3019 beatus
2222 2948 2645 3039 Episcopus:

143 3056 169 3098 «
198 3038 256 3123 sj
285 3038 516 3110 credis
544 3093 566 3120 ,
626 3038 893 3126 inquit,
947 3061 1027 3108 ex
1073 3052 1205 3109 toto
1252 3038 1478 3121 corde,
1532 3038 1767 3108 omnia
1809 3038 1928 3108 tibi
1969 3037 2269 3108 credenti
2323 3056 2652 3106 concessa

140 3119 378 3196 fuerint.
404 3150 441 3195 »
478 3126 576 3197 Ad
625 3126 790 3196 baec
825 3128 1178 3198 Nema-sius
1227 3127 1607 3197 Tribunus:
1644 3151 1680 3194 «
1710 3132 1848 3226 Ego
1876 3126 1962 3197 ad
2000 3127 2177 3196 lianc
2212 3147 2431 3210 usque
2465 3124 2649 3193 diem

144 3222 246 3281 toto
291 3216 533 3285 animo
591 3214 902 3295 credidi,
956 3227 1022 3284 et
1081 3238 1264 3285 nunc
1327 3215 1529 3285 credo
1588 3222 1954 3286 Dominum
2012 3220 2245 3285 Jesum
2307 3213 2653 3284 Christum

146 3301 311 3370 Deum
373 3326 556 3386 esse,
597 3304 714 3390 qui
766 3304 1037 3394 aperuit
1091 3302 1329 3375 oculos
1368 3304 1554 3383 caeci
1610 3305 1790 3374 nati:
1833 3324 2051 3390 neque
2091 3302 2277 3372 enim
2321 3302 2653 3372 humanis

145 3390 420 3541 consiliis
474 3391 886 3496 impulsus,
948 3392 1063 3463 sed
1119 3392 1270 3482 ejus
1341 3393 1563 3483 ipsius
1630 3393 2022 3473 vocatione,
2089 3391 2173 3460 ad
2225 3391 2653 3461 sanctitatem

171 3500 300 3549 uam
336 3504 521 3552 vent.
576 3504 615 3549 »

209 3567 362 3655 54.
414 3572 547 3641 His
597 3570 904 3654 auditis„
960 3570 1186 3640 statim
1238 3569 1481 3640 beatus
1527 3567 1832 3638 Pontifex
1889 3566 2243 3638 hominem
2285 3566 2484 3636 illum
2535 3565 2656 3635 ad-

150 3650 303 3755 duxit
345 3659 433 3729 ad
478 3659 714 3730 locum
750 3659 1148 3747 quemdam,
1182 3659 1301 3746 qui
1346 3671 1624 3728 vocatur
1670 3656 1939 3727 Titulus
1970 3656 2312 3726 Pastoris:
2357 3675 2658 3742 cumque

153 3752 196 3807 et
219 3765 461 3834 ipsum,
508 3761 578 3817 et
608 3749 761 3836 ejus
810 3748 1024 3818 filiam
1064 3748 1484 3817 catechismo
1536 3746 2004 3827 instruxisset,
2063 3743 2654 3832 quemadmodum

157 3829 537 3907 Christianae
594 3836 756 3906 fidei
809 3841 1112 3907 Canones
1166 3850 1232 3907 et
1290 3836 1458 3906 ordo
1510 3834 1854 3925 postulat,
1910 3834 2124 3924 jussit
2177 3854 2293 3904 eos
2342 3832 2661 3922 jejunare

165 3936 341 4018 upque
370 3925 456 3995 ad
497 3946 883 4016 vesperam.
945 3929 1112 3995 Cum
1152 3938 1380 3995 autem
1439 3924 1734 3994 venisset
1789 3924 1957 3993 hora
2013 3922 2423 4012 vespertina,
2459 3920 2663 3990 bene-

163 4003 286 4079 dixit
311 4036 539 4101 aquae
573 4013 643 4082 in
679 4036 759 4084 eo
793 4013 964 4093 loco,
995 4035 1199 4101 quem
1242 4014 1539 4085 Pastoris
1570 4010 1845 4082 titulum
1883 4022 2196 4081 vocatum
2239 4008 2455 4079 fuisse
2483 4007 2661 4077 dixi-

169 4112 311 4167 mus:
362 4104 599 4191 itaque
633 4103 1024 4172 Nemesium
1054 4103 1121 4170 in
1159 4124 1409 4189 aquam
1443 4102 1743 4183 demisit,
1780 4116 1847 4170 et
1879 4098 2247 4190 baptizavit
2277 4098 2345 4167 in
2379 4098 2660 4167 nomine

169 4182 352 4272 Patris,
394 4205 462 4262 et
516 4189 696 4269 Filii,
739 4203 805 4259 et
838 4190 1133 4279 Spiritus
1182 4192 1437 4260 Sancti.
1491 4196 1656 4261 Cum
1708 4211 1864 4259 vero
1897 4210 1979 4258 ex
2016 4186 2281 4279 piscina
2334 4186 2659 4268 exiisset,

175 4278 337 4364 eoepit
380 4280 613 4381 ipsius
646 4277 791 4347 filia
830 4278 1161 4348 clamare:
1216 4284 1310 4347 En
1345 4279 1694 4349 hominem
1750 4277 1966 4358 viden,
2018 4275 2140 4366 qui
2171 4275 2390 4368 tetigit
2423 4275 2664 4346 oculos

180 4376 350 4447 meos,
400 4391 476 4438 in
527 4368 735 4459 cujus
783 4367 1080 4438 circuitu
1130 4389 1238 4436 ma
1299 4389 1423 4437 nae
1478 4367 1656 4437 lucis
1718 4365 2047 4456 splendor
2105 4377 2415 4455 apparet.
2470 4369 2661 4434 Tunc

183 4445 511 4543 Stephanus
540 4471 609 4527 et
637 4457 860 4549 ipsam
895 4456 1190 4528 Nemesii
1239 4390 1452 4527 gnam
1504 4455 1893 4547 baptizavit,
1930 4476 2106 4543 quae
2137 4453 2399 4525 Lucilla
2430 4466 2664 4523 vocata
