3308 5004
670 146 802 213 7⁴2
1200 161 1270 211 ιι(
1315 160 1509 212 rnsro
1554 160 1891 208 naconmr.
1945 160 2001 208 s.
2049 158 2280 207 somn.
2329 158 2511 210 narr.
2805 140 3023 209 AUGn
3066 140 3147 208 29

581 261 764 320 esset
814 246 1158 318 ChristuS.
1210 250 1288 316 Et
1335 244 1488 317 ideo
1517 246 1739 316 extitit
1776 266 1902 317 vox
1950 243 2093 326 illa,
2136 265 2315 332 quae
2359 265 2442 314 ex
2493 242 2633 315 alto
2660 243 3147 315 testimonium

583 335 711 407 filii
746 335 1182 407 tribuebatei
1215 335 1337 423 qui
1371 334 1888 425 baptizabatur:
1937 346 2004 403 et
2029 331 2378 414 columba,
2429 354 2610 420 quae
2655 331 3046 413 advolavit,
3092 346 3151 402 et

577 424 770 516 apud
810 423 1009 494 illum
1056 422 1280 495 solum
1320 424 1599 494 mansit.
1637 423 1845 494 Illum
1878 436 2104 492 autem
2143 421 2315 492 nihil
2349 444 2430 492 ex
2464 421 2575 492 his
2605 421 2884 501 extulit,
2931 443 3148 508 neque

583 529 897 601 unquam
950 513 1139 583 visus
1169 525 1274 583 est
1322 513 1584 603 primas
1627 526 1853 613 partes
1900 510 2034 582 sibi
2087 510 2452 581 vendicare
2484 565 2502 592 ,
2562 510 2682 580 sed
2716 510 2861 580 sibi
2921 511 3148 600 potius

566 616 957 674 extremam
1014 601 1401 673 adsciscere
1448 601 1938 672 humilitatem.
1990 599 2166 684 Quid
2215 600 2402 670 enim
2448 599 2586 670 sibi
2624 599 2771 670 vult
2821 598 2961 669 illa
3009 599 3146 669 cal·-

587 690 928 764 ceamenti
959 690 1282 782 corrigia,
1317 691 1455 760 nisi
1493 689 1678 779 quod
1727 689 2013 762 omnino
2052 699 2397 759 n'ecusaret
2443 711 2517 759 se
2545 710 2709 759 cum
2743 688 2944 759 Jesu
2991 710 3149 759 cou-

587 779 777 862 fetri‚
829 792 896 850 et
942 778 1199 850 diceret
1228 801 1300 853 se
1335 801 1470 849 non
1502 801 1656 850 esse
1684 778 2039 860 idoneum,
2088 777 2209 879 qui
2242 776 2531 848 solveret
2575 777 2970 870 corrigiam
3005 779 3146 868 ejus

587 869 1093 940 calceamenti?
1139 874 1218 939 Et
1262 868 1522 955 alioqui
1567 880 1728 938 cum
1793 891 1834 937 a
1884 866 2194 948 Iudaeis,
2250 867 2485 937 missis
2530 865 2617 937 ad
2665 887 2834 937 eum
2909 865 3143 956 legatis
3241 919 3242 928 κ

594 977 677 1028 ex
723 956 1199 1028 sacerdotibus
1226 970 1290 1027 et
1330 957 1602 1038 Levitis,
1662 958 2222 1048 interrogaretur,
2268 955 2631 1027 Confessus
2677 967 2810 1036 est,
2868 956 3139 1043 inquit,
3241 961 3242 966 ’

587 1061 825 1118 etnon
864 1069 904 1115 n
998 1047 1181 1117 avit:
1232 1059 1299 1116 et
1346 1045 1705 1117 consessus
1752 1058 1878 1126 est,
1935 1067 2010 1115 se
2057 1043 2250 1115 nullo
2299 1043 2503 1115 modo
2531 1066 2683 1114 esse
2734 1044 3134 1114 Christum:

589 1137 719 1208 etsi
768 1135 947 1205 illia
1027 1134 1544 1225 exprimendam
1582 1135 1923 1226 Baptistae
1954 1133 2480 1215 consessionem,
2529 1130 2716 1220 quod
2765 1134 2791 1204 i
2852 1156 2934 1205 se
2981 1145 3140 1203 esset
3241 1213 3242 1220 χ

591 1237 826 1316 aperte
874 1224 1208 1303 Christus,
1245 1223 1411 1311 quid
1450 1245 1586 1292 non
1622 1222 1965 1294 faciebant
1988 1227 2020 1292 7
2064 1228 2159 1294 Eo
2189 1224 2374 1293 enim
2408 1244 2567 1292 cum
2601 1221 2760 1291 aliis
2846 1243 2980 1292 aec
3011 1234 3135 1292 tm·

590 1313 795 1385 debat
827 1312 1272 1404 interrogatio
1301 1336 1317 1381 :
1373 1313 1547 1396 Quint
1585 1323 1661 1382 tu
1691 1314 2026 1404 baptizas,
2064 1314 2129 1383 si
2153 1323 2232 1382 tw
2258 1333 2391 1382 non
2421 1333 2489 1383 es
2521 1311 2834 1382 Christus
2854 1313 2896 1381 i'
2943 1310 3134 1393 Quin-

588 1404 799 1474 etiam
849 1425 887 1470 a
930 1402 1231 1492 propriis
1262 1400 1436 1471 disci
1491 1400 1631 1472 ulis
1680 1401 1945 1471 Christo
2001 1399 2472 1471 invidentibus
2501 1454 2518 1479 ‚
2576 1412 2642 1470 et
2694 1413 2994 1491 propter
3033 1398 3131 1469 ha-

594 1492 931 1582 ptismum
977 1489 1290 1561 nonnihil
1335 1489 1435 1561 vel
1472 1489 1819 1568 icantibus
1847 1489 1967 1580 (ad
1998 1512 2156 1560 eum
2183 1490 2369 1560 enim
2403 1489 2662 1560 sensim
2703 1488 3126 1567 accedentes,

588 1593 657 1651 et
691 1578 777 1648 ad
819 1578 1353 1649 aemulationem
1394 1579 1846 1650 accedentes:
1901 1578 2023 1650 Cui
2072 1591 2146 1649 tu
2198 1578 2665 1650 testimonium
2705 1577 2966 1659 tulisti,
3013 1576 3128 1667 aje-

595 1669 789 1750 bant,
842 1688 1000 1738 ecce
1037 1668 1097 1739 is
1142 1668 1523 1759 baptizat),
1572 1667 1687 1737 ille
1734 1689 1820 1737 ne
1877 1667 2224 1738 tantillum
2282 1666 2559 1754 quidem
2611 1664 3119 1737 abducebatur:

589 1780 629 1828 a
728 1771 826 1827 rte
858 1770 1087 1827 autem
1124 1756 1436 1840 dicebat,
1490 1757 1798 1846 seipsum
1843 1778 1979 1826 non
2020 1778 2170 1828 esse
2201 1756 2584 1836 Christum,
2639 1755 2760 1825 sed
2819 1756 3118 1825 missum.

593 1851 640 1917 C
696 1846 943 1915 ristum
986 1867 1144 1915 vero
1180 1859 1246 1916 et
1278 1868 1539 1936 agnum
1589 1846 1707 1916 Dei
1755 1847 2063 1926 vocabat,
2109 1859 2174 1916 et
2220 1867 2294 1916 se
2331 1844 2610 1931 quidem
2644 1856 2968 1934 oportere
3011 1842 3118 1912 mi-

590 1935 747 2014 nui,
797 1933 998 2004 illum
1059 1946 1288 2006 autem
1345 1935 1583 2025 augeri
1633 1934 2116 2006 confitebatur.
2176 1937 2318 2005 No'n
2379 1946 2613 2003 autem
2666 1945 2822 2004 erat
2863 1931 3120 2003 ludaeis

597 2021 830 2098 solum
873 2022 1307 2093 venerandus
1344 2023 1670 2114 Baptista,
1706 2035 1772 2093 et
1809 2046 1965 2094 vere
2010 2023 2293 2114 dignus,
2327 2022 2450 2110 qui
2488 2020 2868 2092 haberetur
2904 2023 2972 2090 in
3013 2019 3114 2090 ad·

594 2111 1006 2184 miratione:
1060 2112 1177 2183 sed
1231 2112 1435 2182 etiam
1486 2112 1620 2203 ipsi
1677 2112 1980 2193 Herodi,
2031 2123 2098 2182 et
2150 2112 2213 2181 ei
2275 2107 2518 2200 magis,
2560 2132 2776 2197 quam
2829 2107 3105 2208 Iudaeis.

595 2199 783 2288 quod
818 2200 881 2271 ei
918 2222 1053 2270 non
1096 2200 1323 2273 solum
1373 2201 1710 2292 pudorem
1746 2255 1763 2282 ‚
1821 2200 1939 2271 sed
1984 2213 2243 2271 metum
2288 2207 2565 2288 quoque
2605 2200 2971 2289 injecerat:
3015 2202 3107 2266 Τι-

593 2290 824 2361 mebat
868 2290 1054 2359 enim
1085 2342 1107 2371 ,
1162 2290 1412 2378 inquit,
1464 2296 1801 2361 loannem
1835 2344 1851 2371 ,
1916 2289 2099 2377 quod
2163 2289 2366 2361 sciret
2412 2289 2640 2358 virum
2700 2302 2998 2358 sanctum
3045 2295 3101 2352 et

598 2376 857 2449 'ustum
899 2399 1059 2448 eum
1100 2400 1273 2449 esse.
1319 2379 1709 2462 Quinetiam
1744 2399 1902 2448 eum
1939 2378 2253 2460 audiens,
2288 2376 2506 2454 multa
2535 2375 2848 2458 faciebat,
2879 2388 3082 2445 eteum

585 2401 912 2537 lubenter
938 2466 1285 2538 audiebat.
1316 2473 1482 2539 Nam
1523 2466 1696 2538 illud
1731 2467 2014 2555 quidem
2049 2465 2344 2538 habebat
2372 2488 2452 2537 ex
2481 2466 2915 2538 conscientiae
2939 2480 3075 2531 cou-

592 2555 1059 2637 demnatione,
1097 2556 1282 2644 quod
1331 2580 1488 2628 eum
1546 2558 1838 2638 timeret,
1899 2557 2211 2645 inquam,
2257 2578 2417 2627 cum
2456 2577 2664 2646 prave
2717 2550 3078 2626 etscelerate

592 2645 887 2715 viveret:
927 2645 1056 2716 hoc
1086 2659 1317 2716 autem
1349 2669 1429 2718 ex
1469 2647 1716 2716 virtute
1749 2645 2067 2727 dicentia,
2104 2648 2283 2733 quod
2318 2644 2605 2715 omnino
2628 2665 2793 2715 eum
2818 2643 3086 2712 lubenter

592 2732 884 2804 audiret.
938 2738 1017 2804 Et
1049 2735 1149 2805 sic
1180 2734 1391 2806 efficit
1426 2734 1708 2823 quidem
1747 2735 1989 2818 vinna,
2027 2745 2111 2805 ‘ut
2136 2756 2289 2805 eam
2329 2733 2436 2803 illi
2464 2755 2749 2822 quoque
2788 2747 3091 2803 reverean-

591 2823 887 2910 tur‚·qui
920 2836 1085 2893 sunt
1120 2823 1326 2894 abea
1358 2825 1645 2893 omnino
1690 2823 1928 2893 alieni.

684 2913 722 2999 ξ
768 2916 910 2985 15.
966 2912 1090 2982 Sed
1143 2934 1374 2982 revera
1411 2933 1734 3003 magnam
1790 2913 1922 2982 vim
1964 2911 2170 2983 habet
2215 2912 2689 3013 intemperans
2735 2908 3080 3005 cupiditas,

595 3011 663 3071 et
706 3016 818 3071 res
848 3012 950 3071 est
982 3000 1295 3071 omnium
1331 3001 1809 3072 efficacissima
1852 3001 1939 3071 ad
1974 3003 2277 3072 animam
2317 3000 2458 3071 redi
2511 2999 2768 3070 endam
2817 3001 2896 3070 in
2933 3014 3092 3069 sem·

570 3099 835 3163 tutem.
890 3089 1078 3159 Sicut
1123 3092 1328 3161 etiam
1366 3091 1556 3160 hunc
1594 3089 1930 3161 Herodem
1977 3092 2224 3160 misere
2242 3089 2411 3163 ⁷adm
2512 3110 2630 3159 um
2682 3088 2943 3171 affecit,
2971 3085 3096 3155 dum

594 3197 733 3246 non
776 3198 977 3247 secus
1024 3200 1105 3248 ac
1164 3180 1552 3269 mancipio,
1606 3185 1789 3270 Rege
1845 3201 1974 3250 usa
2027 3189 2152 3248 est.
2206 3178 2337 3262 Qui
2384 3178 2704 3268 despecta
2759 3200 2898 3250 sua
2938 3191 3107 3247 uxore

597 3270 709 3366 (9ο
753 3278 983 3337 autem
1032 3279 1177 3337 erat
1223 3266 1369 3337 fllia
1413 3272 1647 3338 Aretae
1689 3268 1892 3359 Regis
1933 3268 2284 3356 Arabum),
2317 3279 2390 3338 et
2433 3268 2868 3356 contemptui
2920 3261 3113 3337 habito

594 3372 750 3443 ejus
771 3370 1029 3437 amore,
1072 3355 1362 3445 plurimi
1389 3355 1684 3427 faciebat
1714 3378 2017 3426 amorem
2059 3355 2491 3426 HerodiadiS.
2527 3360 2695 3424 Eam
2721 3356 2949 3431 enim,
2979 3370 3112 3425 cum

592 3454 772 3512 esset
819 3465 992 3512 uxor
1022 3443 1252 3515 fratris
1286 3443 1611 3536 Philippi,
1645 3444 1842 3515 duxit
1888 3459 2154 3535 praeter
2200 3443 2407 3536 leges»,
2460 3467 2622 3515 cum
2661 3443 2816 3533 jam
2869 3445 3118 3515 haberet

592 3552 828 3601 semen
864 3530 1116 3604 fratris.
1171 3531 1319 3603 Illis
1347 3534 1533 3603 enim
1585 3534 1750 3605 solis
1803 3534 2327 3624 permittebatur
2374 3533 2503 3605 hoc
2541 3530 2791 3613 facere,
2843 3549 3122 3622 quorum

591 3618 839 3691 fratres
885 3621 1306 3709 reliquerant
1332 3622 1536 3692 vitam
1581 3623 1843 3710 absque
1903 3622 2091 3703 filiis.
2137 3622 2665 3694 Permittebatur
2710 3634 2954 3693 autem
2996 3639 3124 3690 om·

596 3708 767 3779 nino
805 3709 935 3780 hoc
981 3710 1295 3794 consilio,
1347 3723 1424 3781 ut
1479 3733 1711 3781 semen
1765 3711 2183 3782 suscitarent
2235 3711 2592 3782 fratribus.
2647 3716 2944 3802 Propter
2986 3711 3124 3778 baec

589 3818 755 3887 ergo
798 3803 1103 3871 Joannes
1150 3800 1486 3870 Herodem
1540 3798 2076 3890 reprehendens,
2120 3802 2310 3870 visus
2362 3813 2470 3871 est
2498 3799 2715 3871 surdo
2748 3821 3025 3879 canere,
3069 3805 3126 3865 et

592 3884 784 3973 loqui
841 3888 911 3958 in
968 3909 1204 3958 aurem
1269 3901 1579 3958 mortuo:
1632 3889 1760 3959 etsi
1817 3888 2064 3961 solitus
2128 3902 2305 3959 esset
2353 3889 2551 3980 prius
2596 3910 2760 3959 eum
2829 3887 3128 3960 lubenter

592 3975 860 4057 audire,
912 3990 979 4047 et
1019 3978 1226 4047 sciret
1253 3997 1413 4046 eum
1457 3977 1525 4045 in
1571 3998 1830 4067 magna
1866 3977 2103 4048 haberi
2154 3978 2552 4049 reverentia.
2601 3976 2735 4052 sed
2768 4000 2972 4049 amor
3014 3979 3130 4047 He·

591 4063 924 4145 rodiadiS,
965 4066 1110 4153 qui,
1164 4078 1240 4136 ut
1293 4063 1620 4145 diximus,
1663 4087 1823 4135 eum
1860 4066 2206 4138 invaserat
2245 4066 2721 4137 vehementius
2750 4118 2767 4148 ,
2806 4063 3128 4138 efficiebat

595 4163 676 4222 ut
728 4153 934 4223 nihili
993 4154 1246 4226 faceret
1296 4154 1501 4224 verba
1563 4153 1896 4224 Joannis:
1975 4166 2043 4226 et
2116 4156 2316 4229 illum
2384 4153 2668 4244 quidem
2730 4154 3029 4247 conjecit
3068 4151 3128 4221 iu
