3308 5004
602 322 732 391 474
1050 305 1069 318 ²
1219 339 1301 388 nn
1345 339 1402 389 s.
1454 333 1788 389 uranum
1832 338 1980 387 un.
2030 336 2429 388 cunnum..
2743 320 2934 390 Auo.
2982 318 3090 390 m

515 425 870 520 principes
890 439 956 499 et
981 425 1282 515 tyranni,
1316 423 1570 495 milites
1593 421 1813 493 seculi
1840 421 2054 495 hu'us
2076 435 2144 494 et
2167 435 2501 514 raptores,
2521 422 2624 494 sic
2640 443 2800 495 eum
2831 423 3080 498 timent

516 529 585 587 et
616 514 1044 596 reverentur,
1074 526 1150 583 ut
1181 511 1494 583 videatur
1524 513 1593 582 in
1627 512 1731 582 eis
1770 512 1917 602 imp
1948 523 2164 594 etum,
2214 512 2400 600 quod
2436 512 2504 582 in
2548 512 2913 604 Evangelio
2942 518 3078 585 Do-

518 606 757 677 minus
789 602 1042 694 legitur
1069 601 1325 673 dixisse
1369 601 1736 693 discipulis
1769 601 1959 674 suis:
2011 605 2181 671 Ecce
2227 600 2388 672 dedi
2436 601 2632 672 vobis
2666 613 3077 692 potestatem

517 692 836 764 calcandi
866 713 1076 782 super
1108 703 1459 782 serpentes
1503 703 1570 760 et
1602 689 2025 780 scorpiones,
2069 703 2136 762 et
2173 712 2386 782 super
2416 712 2693 762 omnem
2745 683 3077 761 virtutem

518 781 814 864 inimici,
863 793 930 850 et
962 779 1133 849 nihil
1171 780 1364 852 vobis
1415 779 1712 850 nocebit.
1749 784 1958 851 Porro
1997 777 2178 850 inter
2213 778 2635 871 spirituales,
2674 793 2739 850 et
2770 779 2890 850 ubi
2924 779 3077 871 spi-

518 870 797 943 ritualia
841 868 1295 961 spiritualiter
1338 869 1829 940 examinantur
1856 923 1872 950 ,
1939 867 2142 960 longe
2191 867 2291 938 rei
2335 867 2472 939 alia
2519 868 2891 940 auctoritas
2939 879 3072 939 est.

518 961 709 1032 Sicut
753 959 938 1031 enim
986 957 1248 1029 dicitur
1296 980 1418 1050 per
1463 957 1868 1049 prophetam
1919 956 2006 1027 de
2060 957 2321 1029 sanctis
2381 957 2850 1041 animalibus,
2900 957 3078 1046 quia

517 1072 677 1122 cum
730 1048 922 1120 fieret
970 1069 1096 1118 vox
1156 1068 1368 1138 super
1413 1045 1961 1128 firmamentum,
2011 1045 2196 1134 quod
2247 1046 2654 1118 imminebat
2699 1046 2910 1138 capiti
2957 1069 3077 1118 eo-

514 1160 671 1210 rum
707 1192 723 1220 ,
777 1137 1053 1208 stabant
1103 1148 1170 1206 et
1216 1135 1715 1206 submittebant
1761 1133 1909 1205 alas
1957 1157 2157 1206 suas:
2213 1135 2314 1205 sic
2370 1134 2576 1206 hodie
2626 1136 2888 1224 ubique
2933 1148 3086 1205 ter·-

516 1248 751 1298 rarum
781 1223 1179 1317 spirituales
1202 1224 1484 1313 quique,
1521 1223 1842 1312 loquente
1871 1245 1950 1294 eo
1984 1245 2110 1295 seu
2140 1235 2495 1306 tractante,
2526 1237 2733 1306 stant,
2762 1224 3076 1297 cedendo

515 1314 979 1408 praecedenti,
1016 1327 1083 1384 et
1129 1313 1452 1385 sensibus
1487 1313 1638 1404 ejus
1671 1335 1796 1384 seu
1829 1311 2306 1404 intelligentiis
2353 1313 2773 1385 submittunt
2812 1335 3075 1386 sensus

519 1427 686 1476 suos
732 1425 976 1474 omnes
1020 1413 1087 1473 et
1147 1402 1639 1493 intelligentias
1700 1424 1889 1473 suas.
1944 1407 2306 1473 Testantur
2372 1402 2500 1474 hoc
2566 1403 2819 1494 scripta
2869 1404 3068 1494 ejus,

515 1515 696 1582 quae
728 1491 831 1563 vel
881 1492 1029 1584 ipse
1062 1490 1365 1583 scripsit,
1418 1490 1521 1562 vel
1571 1490 1691 1561 alii
1725 1490 2179 1582 scripserunt,
2218 1491 2399 1563 siout
2426 1513 2507 1563 ex
2545 1513 2661 1562 ore
2691 1492 2842 1583 ejus
2871 1513 3076 1562 exce-

567 1595 793 1654 erunt.
848 1586 1058 1651 Tanta
1107 1602 1289 1672 ergo.
1319 1579 1542 1651 virum
1599 1573 1798 1649 illuln
1865 1593 2180 1651 sanctum
2231 1602 2455 1668 usque
2512 1579 2718 1651 hodie
2764 1594 2831 1651 et
2875 1578 3072 1672 apud

514 1605 732 1742 geum
779 1680 845 1741 et
892 1668 1211 1742 homines
1257 1668 1749 1740 commendant
1796 1691 2151 1740 sacrarum
2200 1667 2508 1760 insignia
2557 1669 2912 1742 virtutum.
2969 1681 3076 1740 te—

516 1760 841 1832 stimonia
889 1757 1422 1829 circumvallant
1453 1758 1862 1840 sanctitatiS,
1901 1757 2322 1828 charismata
2370 1758 2596 1829 Sancti
2639 1757 2940 1845 Spiritus
2990 1757 3075 1828 il-

520 1848 863 1920 lustrant:
915 1847 1251 1935 quodque
1273 1847 1501 1938 majus
1534 1847 1645 1916 his
1692 1847 2020 1917 omnibus
2064 1844 2654 1918 etdifficillimum
2687 1846 2890 1918 estin
2931 1846 3071 1918 hu-

520 1938 751 2008 manis
784 1936 1016 2017 rebus,
1082 1936 1252 2005 haec
1297 1935 1361 2003 ei
1407 1935 1645 2006 omnia
1692 1935 1843 2005 sine
1888 1934 2152 2005 invidia
2188 1935 2431 2007 adesse
2470 1936 2815 2007 videntur.
2867 1940 3072 2007 Com·

520 2025 741 2117 pescit
793 2036 1022 2095 autem
1072 2023 1160 2094 ab
1199 2046 1279 2094 eo
1333 2023 1664 2094 invidiam
1700 2079 1715 2105 ,
1774 2023 1958 2125 quod
2000 2024 2191 2096 omni
2241 2023 2504 2094 invidia
2545 2025 2765 2115 maJor
2791 2037 2935 2107 est,
2994 2024 3069 2094 in

513 2127 852 2273 guantum
907 2112 1211 2202 nequitia
1266 2112 1495 2184 cordis
1533 2112 1827 2184 humani
1882 2113 2011 2185 hoc
2064 2135 2268 2204 saepe
2314 2126 2539 2185 cessat
2583 2113 2851 2185 homini
2891 2113 3074 2184 invi-

565 2225 700 2284 ere,
735 2224 873 2291 quo
906 2224 1041 2272 non
1082 2214 1302 2293 potest
1330 2201 1714 2294 adspirare.

605 2293 643 2380 ἓ
688 2295 824 2365 21.
880 2291 1007 2362 Sed
1059 2303 1126 2361 et
1181 2291 1329 2381 ipse
1380 2312 1659 2361 omnem
1710 2289 2045 2374 invidiam
2080 2345 2097 2373 ,
2157 2302 2275 2362 aut
2324 2290 2693 2362 mortificat
2750 2289 3074 2382 exemplo

517 2381 956 2462 humilitatiS,
1011 2392 1133 2451 aut
1166 2391 1386 2451 mutat
1425 2381 1495 2451 in
1556 2379 1809 2451 melius
1858 2378 2339 2472 provocatione
2376 2379 2779 2461 charitatis,
2838 2392 2962 2450 aut
3009 2380 3072 2451 si

516 2470 808 2560 nequior
855 2482 977 2541 aut
1020 2468 1265 2541 durior
1308 2479 1447 2549 est,
1499 2468 1735 2541 obruit
1784 2469 2085 2562 pondere
2146 2469 2597 2542 auctoritatis.
2649 2468 2816 2554 Quis
2876 2468 3071 2540 enim

515 2572 655 2630 tam
706 2561 1118 2631 affectuosae
1152 2560 1435 2651 peritiae
1482 2559 1690 2629 hodie
1723 2559 2071 2631 invenitur
2097 2558 2184 2629 ad
2226 2559 2588 2631 fovendam
2624 2558 3061 2641 charitatem,

513 2649 639 2720 ubi
677 2662 826 2720 est:
875 2648 966 2719 ad
1011 2648 1543 2740 provocandam,
1582 2648 1703 2717 ubi
1745 2669 1881 2719 non
1912 2647 2063 2720 est?
2109 2660 2276 2732 tam,
2314 2647 2401 2720 ad
2435 2669 2916 2737 quoscumque
2948 2669 3075 2738 po-

516 2750 668 2820 test,
716 2738 1091 2820 beneficuS,
1144 2737 1231 2808 ad
1280 2759 1522 2808 omnes
1570 2737 1970 2818 benevolus»,
2032 2748 2292 2807 tantam
2337 2737 2601 2808 habens
2633 2737 2927 2828 gratiam
2976 2735 3069 2806 ad

515 2827 800 2910 amicoS,
843 2826 1241 2917 patientiam
1291 2826 1377 2896 ad
1429 2825 1803 2896 inimicos?
1851 2825 1917 2895 Si
1967 2836 2196 2895 tamen
2236 2824 2463 2896 ullum
2512 2825 2891 2913 aliquando
2937 2823 3065 2895 ha-

514 2917 679 2987 bere
730 2917 949 3006 potuit
981 2915 1375 2998 inimicum,
1409 2914 1532 3004 qui
1568 2913 1748 2984 nulli
1785 2912 2162 3002 aliquando
2192 2912 2411 2984 voluit
2456 2913 2830 2985 inimicari.
2876 2913 3072 3000 Sicut

515 3005 701 3075 enim
753 3004 1059 3074 amicitia
1107 3025 1245 3074 non
1289 3004 1424 3073 nisi
1468 3003 1767 3073 duorum
1826 3015 1950 3085 est,
2009 3022 2135 3073 nec
2183 3002 2548 3079 nisiinter
2579 3003 2757 3075 duos
2804 3002 3071 3074 amicos

515 3092 759 3163 haberi
811 3105 1065 3184 potest:
1118 3093 1223 3162 sic
1264 3114 1388 3163 nec
1435 3091 1854 3174 inimicitia,
1922 3091 2059 3163 nisi
2106 3089 2403 3162 duorum
2442 3091 2883 3167 inimicorum
2935 3103 3066 3162 est.

516 3181 647 3265 Qui
694 3180 879 3251 enim
929 3180 1074 3252 odit
1118 3180 1519 3272 diligentem
1563 3202 1661 3263 se,
1715 3201 1850 3261 non
1909 3194 2044 3251 tam
2096 3180 2469 3263 inimicuS,
2570 3203 2728 3253 uam
2783 3180 3073 3269 iniquus

514 3282 643 3341 est.
698 3270 822 3341 Sed
872 3270 995 3357 qui
1048 3290 1326 3341 omnem
1384 3269 1739 3341 hominem
1779 3267 2127 3361 diligens,
2175 3269 2448 3340 nullum
2506 3292 2545 3340 a
2579 3269 2882 3357 iquando
2930 3269 3073 3339 ini-

515 3358 778 3431 micum
831 3358 1035 3428 habet
1083 3358 1331 3429 virtute
1378 3380 1555 3429 sua:
1610 3380 2137 3447 nonnumquam
2177 3372 2282 3429 est
2330 3370 2557 3430 tamen
2613 3358 2798 3447 quod
2833 3358 3073 3450 ‘patia-

516 3459 653 3528 tur,
712 3446 1111 3516 inimicante
1159 3445 1291 3517 sibi
1319 3446 1535 3538 gratis
1571 3446 1930 3535 iniquitate
1958 3446 2210 3518 aliena.
2247 3446 2560 3519 Charitas
2595 3460 2850 3529 autern,
2882 3468 3074 3535 qua·

519 3548 734 3606 toturn
790 3557 951 3606 eum
995 3534 1322 3626 possidet,
1384 3534 1650 3625 patiens
1696 3548 1822 3618 est,
1875 3535 2176 3627 benigna
2220 3548 2345 3616 est,
2402 3535 2743 3639 sapientia
2777 3535 3068 3606 vincens

519 3623 884 3707 malitiam,
920 3624 1250 3715 patientia
1299 3623 1827 3715 impatientiam,
1865 3624 2265 3717 superbiam
2306 3624 2721 3699 humilitate.

827 3840 1280 3910 PRAEFATIO
1327 3841 1743 3909 BERNARDI
1791 3840 2344 3910 BONAEVALLIS
2393 3841 2751 3923 ABBATIS,

620 3964 704 4031 IN
756 3962 1192 4031 SECUNDUM
1242 3962 1556 4030 LIBRUM
1605 3962 1845 4031 VITAE
1891 3963 1965 4030 B.
2016 3962 2434 4031 BERNARDI
2473 3963 2961 4033 CLARAVALL.

593 4119 895 4184 Virorum
939 4119 1276 4183 illustrium
1341 4128 1506 4198 gesta
1576 4118 1860 4183 nonnulli
1918 4118 2300 4198 Scriptorum
2350 4117 2635 4184 laudibus
2674 4118 3073 4201 attollentes,

514 4200 725 4261 verbis
765 4216 831 4263 ea
878 4201 1260 4265 solemnibus
1287 4200 1697 4273 celebrarunt,
1739 4207 2038 4279 quantum
2068 4200 2425 4263 excellentis
2456 4201 2694 4278 ingenii
2725 4199 3077 4265 etdisertao

513 4276 768 4355 linguae
797 4292 1053 4358 potuere
1080 4282 1424 4344 conamina.
1455 4278 1732 4359 Cumque
1777 4285 2063 4357 tractator
2091 4288 2358 4359 etopus,
2394 4278 2626 4357 iunctis
2651 4279 3075 4358 complexibu-

513 4360 644 4435 pari
689 4367 834 4420 sunt
877 4359 1123 4422 foedere
1164 4362 1516 4437 conjugati,
1559 4368 1625 4421 et
1664 4358 1737 4422 ad
1783 4361 2158 4439 propositum
2224 4360 2431 4423 thema
2463 4405 2482 4433 ,
2530 4370 2597 4422 ut
2637 4360 2869 4423 dictum
2929 4368 3071 4437 est,

516 4435 951 4513 ordinandum,
997 4441 1317 4518 ingenium
1358 4450 1426 4504 et
1464 4440 1815 4519 eloquentia
1867 4445 2319 4516 convenerunt,
2361 4450 2650 4520 prospere
2687 4448 2892 4509 actum
2936 4447 3067 4520 est,
