3308 5004
139 317 342 384 AUG.
394 318 480 381 20
835 335 914 382 mi
960 336 1012 387 s,
1064 335 1396 383 ausimano
1441 336 1581 383 Aac.
1636 335 2018 384 cummi..
2484 321 2601 386 55⁴
2666 286 2674 295 .

146 421 266 490 sui
311 418 757 509 propinatura
812 419 1163 500 moeroris,
1217 419 1331 489 cui
1371 419 1705 490 hactenus
1753 433 2202 492 consueverat
2231 421 2492 492 stillare
2542 421 2703 492 dul-

142 508 501 588 cedinem,
541 506 796 595 gaudia
829 507 1141 590 sundere,
1177 509 1391 578 fluere
1430 508 1957 580 consolationes,

245 601 285 684 ἓ
332 602 465 670 1¹2.
523 601 692 665 Dum
747 595 971 666 fidelis
1022 598 1336 667 minister
1365 610 1429 668 et
1477 599 1797 668 sacerdos
1843 599 2172 669 Altissimi
2210 600 2597 689 ingreditur
2635 602 2702 668 in

149 687 390 757 locum
445 684 865 755 tabernaculi
908 686 1366 768 admirabili3‚
1422 688 1508 756 ad
1558 688 1773 757 altare
1821 689 1960 768 Dei,
1999 710 2265 758 sacram
2309 690 2370 759 ei
2418 703 2483 759 et
2515 711 2708 759 acce-

164 775 494 866 ptabilem
549 774 840 844 hostiam
893 776 1001 844 sui
1056 776 1340 865 spiritus
1395 776 1807 867 oblaturus,
1862 797 2115 868 corpus
2162 778 2366 846 etiam
2429 779 2553 847 rite
2590 800 2709 868 pa-

157 879 393 933 ratum
455 875 520 932 et
582 875 901 932 ornatum
966 864 1509 935 sacerdotalibus
1565 866 2044 946 vestimentis,
2117 867 2411 936 oratorio
2473 868 2712 937 beatae

157 954 417 1022 Mariae
450 952 564 1023 Dei
599 952 953 1052 genitricis
987 953 1298 1023 infertur.
1353 952 1657 1024 Plurima
1710 976 1986 1112 quogue
2026 955 2363 1024 nobilium
2400 967 2466 1024 et
2513 956 2710 1045 igno—

160 1042 413 1112 bilium
448 1041 531 1109 de
566 1040 811 1111 vicinis
844 1041 1236 1130 quibusque
1280 1041 1450 1112 locis
1499 1044 1840 1132 gemebun
1898 1067 1935 1113 a
1972 1044 2285 1134 protinus
2318 1044 2519 1114 turba
2546 1066 2711 1114 con-

163 1131 397 1209 venit,
451 1142 514 1198 et
572 1128 815 1199 vallem
869 1142 1072 1200 totam
1143 1131 1448 1220 ploratus
1508 1144 1572 1200 et
1634 1131 1942 1201 ululatus
2007 1132 2269 1204 multus
2327 1133 2703 1221 implebat:

161 1220 478 1289 amarius
521 1232 746 1287 tamen
799 1241 920 1307 pro
968 1218 1233 1290 foribus
1273 1219 1669 1290 monasterii
1720 1221 2226 1292 lamentabatur
2256 1243 2458 1291 sexus
2510 1222 2712 1293 mise-

164 1308 454 1378 rabilior
495 1307 892 1387 mulierum,
945 1308 1126 1394 quod
1179 1308 1665 1379 accedentibus
1703 1310 1786 1378 ad
1821 1309 1975 1396 ejus
2027 1309 2309 1398 vestigia
2346 1310 2530 1392 viris,
2569 1333 2712 1381 mo-

163 1397 416 1466 nastici
481 1396 756 1466 Ordinis
803 1396 1174 1488 disciplina
1239 1397 1748 1468 inexorabiliter
1804 1399 1903 1467 eis
1964 1399 2167 1468 etiam
2223 1413 2384 1469 tunc
2435 1411 2709 1488 negaret

169 1487 595 1574 ingressum.
649 1484 863 1554 Biduo
896 1487 1147 1555 mansit
1183 1487 1248 1554 in
1305 1486 1529 1555 medio
1569 1487 1798 1577 gregis
1850 1501 2081 1577 pastor
2128 1488 2488 1568 extinctus,
2541 1488 2708 1556 dum

173 1575 463 1664 pristina
497 1573 610 1642 illa
638 1575 852 1664 gratia
882 1574 1272 1646 dulcissimi
1305 1575 1533 1645 vultus
1561 1576 1652 1644 nil
1690 1576 2049 1657 minorata,
2082 1577 2194 1645 sed
2227 1590 2429 1645 aucta
2460 1577 2705 1665 magiS,

164 1664 480 1733 omnium
536 1663 604 1732 in
642 1685 712 1732 se
760 1662 996 1752 figeret
1046 1663 1307 1745 oculos,
1353 1665 1623 1734 animos
1669 1665 1987 1745 traheret,
2032 1665 2352 1756 sepeliret
2399 1667 2705 1735 affectus,

81 1780 90 1788 ·
168 1753 526 1822 Crescebat
565 1765 794 1821 autem
836 1775 1047 1838 supra
1082 1753 1364 1822 modum
1406 1776 1612 1823 ruens
1660 1753 1973 1841 undique
2015 1754 2249 1844 populi
2297 1753 2707 1834 multitudO,

165 1854 230 1910 et
263 1841 713 1910 intolerabilis
737 1841 881 1929 jam
920 1841 1122 1911 fiebat
1152 1842 1451 1931 impetus
1486 1844 2069 1915 concurrentium.
2110 1866 2188 1912 ac
2221 1842 2711 1915 desiderabiles

166 1931 550 2000 tenentium
601 1930 828 2018 pedeS,
873 1930 1336 2000 osculantium
1375 1954 1654 2011 manuS,
1694 1955 1727 2000 a
1791 1931 2195 2021 plicantium
2251 1953 2462 2021 panes
2492 1986 2509 2013 ,
2565 1931 2710 2000 bal-

171 2033 338 2096 teos,
399 2041 749 2096 numm05,
802 2030 867 2088 et
898 2019 1028 2088 alia
1081 2041 1419 2107 quaeque,
1476 2043 1713 2090 servan
1772 2045 1810 2090 a
1860 2021 1989 2089 sibi
2030 2044 2149 2111 pro
2203 2020 2703 2102 benedictione,

169 2120 236 2176 et
279 2107 484 2176 variis
532 2107 1051 2177 necessitatibus
1105 2108 1484 2197 profutura.
1541 2110 1828 2179 Maxime
1880 2122 2105 2180 tamen
2162 2110 2376 2199 parati
2421 2110 2487 2177 in
2527 2109 2708 2178 diem

174 2197 472 2268 tertium.
526 2196 900 2265 solemnem
957 2220 1076 2286 per
1125 2198 1273 2266 loca
1326 2198 1652 2286 proxima.
1694 2198 2289 2288 praestolabantur
2339 2197 2711 2288 reponendi

172 2285 348 2354 sacri
398 2287 701 2374 corporis
734 2286 884 2375 ejus
931 2284 1198 2365 horam,
1237 2287 1585 2387 copiosius
1622 2287 1929 2374 undique
1977 2287 2401 2357 conventuri.
2441 2292 2606 2356 Nam
2649 2297 2713 2355 et

173 2373 473 2446 secunda
515 2374 626 2443 die
667 2387 897 2444 tantus
929 2375 1113 2444 circa
1166 2375 1519 2444 meridiem
1575 2376 1874 2466 populus
1930 2377 2151 2445 suerat
2197 2397 2450 2464 congre
2502 2388 2703 2455 atuS,

169 2473 233 2533 et
283 2475 464 2534 tanto
517 2463 784 2553 pietatis
832 2461 972 2534 zelo
1014 2464 1268 2554 stipati,
1324 2464 1632 2552 undique
1669 2487 1941 2535 sacrum
1985 2485 2236 2565 corpus
2276 2465 2437 2534 obse
2491 2476 2706 2546 erant,

171 2565 246 2620 ut
306 2553 494 2622 nulla
555 2575 725 2641 pene
788 2552 1144 2644 Episcopis
1205 2556 1629 2637 reverentia,
1686 2555 1875 2623 nulla
1934 2553 2259 2623 fratribus
2317 2552 2705 2622 haberetur.

173 2641 360 2710 Unde
396 2642 613 2721 veriti,
653 2663 735 2710 ne
767 2641 932 2727 quid
979 2642 1228 2722 simile,
1285 2656 1404 2712 aut
1434 2643 1603 2712 forte
1634 2643 1914 2732 gravius
1946 2643 2305 2722 accideret,
2335 2642 2473 2709 'die
2521 2642 2713 2711 tertia

181 2743 757 2818 praeoccupantes
799 2731 1084 2812 boram,
1145 2745 1209 2801 et
1251 2753 1451 2801 mane
1506 2732 1739 2800 divina
1790 2755 1868 2801 ex
1924 2754 2107 2801 more
2155 2730 2497 2800 sacrificia
2549 2752 2713 2799 con-

169 2833 595 2888 summantes
631 2875 645 2900 ,
708 2819 884 2888 sicut
934 2832 997 2889 et
1053 2820 1343 2888 biduum
1404 2820 1548 2907 jam
1607 2822 1675 2888 in
1736 2820 2189 2890 celebratione
2232 2820 2593 2890 Missarum
2646 2830 2714 2888 et

160 2908 312 3007 jugi
347 2908 645 2977 fecerant
693 2908 1014 2987 melodia,
1055 2908 1506 2999 purissimum
1552 2908 1725 2978 illud
1778 2910 2165 2979 balsamum
2214 2907 2492 2978 vasculo
2523 2930 2714 2977 com-

174 3018 440 3075 misere,
489 2998 558 3064 in
603 2997 829 3086 lapide
879 3012 1284 3087 reponentes
1333 2997 1629 3087 lapidem
1686 3000 2085 3088 pretiosum,
2140 2998 2468 3088 optimam
2528 3019 2712 3065 mar-

175 3084 464 3174 garitam
499 3084 627 3173 (a).

260 3176 296 3259 ξ
345 3177 480 3246 18.
537 3175 1044 3244 consummatis
1091 3197 1255 3264 ergo
1295 3173 1582 3244 feliciter
1631 3175 1804 3244 vitae
1860 3197 2022 3243 suae
2078 3173 2348 3254 diebuS,
2401 3186 2466 3242 et
2513 3173 2715 3241 annis

169 3262 441 3331 circiter
496 3262 1149 3352 sexagintaquatuor
1212 3264 1497 3352 expletis
1530 3319 1544 3343 ,
1599 3264 1893 3332 dilectus
1946 3264 2208 3333 Domini
2274 3261 2706 3342 BernarduS,

174 3351 690 3421 Claravallensis
751 3353 1061 3421 coenobii
1123 3353 1390 3442 primus
1427 3354 1673 3433 Abbas,
1730 3352 2025 3422 aliorum
2083 3374 2355 3439 quoque
2410 3349 2715 3440 amplius

174 3461 375 3525 quam
431 3452 704 3510 centum
767 3442 1120 3541 sexaginta
1172 3443 1740 3511 monasteriorum
1798 3454 1987 3531 pater
2019 3495 2033 3521 ,
2084 3440 2552 3511 tertiodecimo
2595 3444 2716 3508 Ca—

174 3527 405 3596 lendas
449 3530 894 3619 SeptembriS,
936 3543 1112 3599 inter
1159 3530 1461 3599 filiorum
1517 3552 1769 3599 manus
1813 3530 2229 3600 obdormivit
2280 3530 2344 3598 in
2400 3528 2709 3598 Christo:

174 3617 478 3704 sepultus
528 3632 628 3687 est
684 3632 910 3687 autem
963 3618 1334 3688 undecimo
1390 3618 1724 3688 Calendas
1770 3619 2079 3708 ejusdem
2136 3618 2415 3690 mensis.
2473 3615 2599 3687 Sed
2651 3627 2715 3685 et

181 3707 424 3793 pectori
473 3708 626 3794 ejus
668 3707 815 3796 ipso
851 3707 918 3776 in
974 3706 1242 3776 tumulo
1276 3707 1565 3797 capsula
1600 3709 2035 3797 superposita
2075 3720 2198 3787 est,
2239 3709 2306 3776 in
2352 3729 2487 3793 qua
2538 3703 2716 3774 beati

178 3794 513 3864 Thaddaei
560 3796 854 3883 Apostoli
911 3796 1238 3883 reliquiae
1271 3797 1738 3877 continentur,
1778 3819 1952 3883 quas
1993 3796 2231 3865 eodem
2269 3817 2453 3864 anno
2486 3794 2575 3892 ab
2610 3798 2717 3861 Je-

185 3884 542 3977 rosolymis
583 3885 715 3955 sibi
768 3884 1037 3965 missas,
1082 3907 1210 3955 suo
1247 3887 1550 3976 jusserat
1582 3886 1858 3975 corpori
1891 3885 2309 3975 superponi:
2362 3904 2442 3953 eo
2480 3895 2718 3967 utique

224 4078 287 4129 (a)
315 4082 355 4120 S.
385 4083 608 4123 Bet-nardi
638 4091 811 4132 corpus
840 4079 1197 4131 religiosissime
1228 4085 1286 4125 ab
1314 4084 1744 4124 claravallensibns
1773 4081 2061 4122 custoditum
2087 4078 2335 4129 sacrilegis
2355 4078 2615 4121 {urentium
2640 4089 2725 4120 no·

175 4130 296 4172 fandi
326 4134 429 4174 anni
463 4147 697 4177 xrnccxciu
731 4133 946 4177 manibus
978 4140 1171 4176 strenue
1204 4138 1293 4177 loci
1326 4134 1505 4176 incolae
1546 4134 1839 4186 eripuerunt,
1872 4144 1919 4174 et.
1956 4137 2141 4175 occulte
2177 4134 2223 4174 in
2258 4132 2528 4192 proximum·
2551 4144 2721 4182 pagum

181 4187 615 4229 rina-amm-Ia-Fertd
635 4194 939 4239 asportatum,
959 4188 1019 4229 ibi
1041 4190 1204 4235 adhuc,
1219 4192 1374 4239 quoad
1396 4196 1690 4239 compertum
1712 4191 1849 4229 nobis
1872 4192 1949 4234 sit,
1967 4185 2184 4238 quiescit:
2206 4189 2591 4245 honorificentius
2609 4197 2722 4226 ame

175 4240 502 4282 collocandum.
533 4245 578 4283 S.
611 4246 822 4284 Doctoris
853 4245 1003 4294 capite
1034 4254 1115 4284 tra
1143 4246 1344 4284 maxima
1373 4245 1667 4284 cathedralis
1697 4244 1945 4282 'trecensis
1975 4246 2183 4283 ornatur.
2215 4244 2270 4281 Iu
2300 4243 2586 4289 Lingonanffl
2607 4241 2722 4280 item

179 4294 290 4332 urbe
321 4293 472 4344 aliqua
500 4296 840 4337 venerabilium
871 4300 972 4347 ejus
1004 4295 1183 4337 ossium
1215 4298 1477 4344 fragmenta
1503 4299 1763 4339 habentur:
1802 4298 2032 4335 nonnulla
2059 4306 2244 4344 qnoque
2276 4297 2324 4334 in
2354 4291 2578 4343 Hispania
2599 4294 2723 4341 apud

174 4346 427 4393 Bacurialm
456 4352 636 4391 ossium
658 4351 939 4402 jampridem
970 4350 1220 4402 particulis
1259 4349 1538 4400 quibusdam
1570 4361 1652 4399 per
1685 4352 1918 4398 supptices
1953 4351 2215 4398 ‹tc-putatas.
2246 4348 2370 4388 circa
2402 4359 2472 4388 an.
2514 4356 2722 4396 =mcccxxv,

178 4401 522 4442 Claramvsltem
554 4406 736 4450 missos,
765 4406 927 4445 donari
960 4408 1205 4444 curaverat
1236 4402 1500 4444 Genucnsis
1532 4403 1716 4448 civit-as,
1745 4414 1865 4453 quae
1898 4405 1939 4441 S.
1969 4405 2259 4443 Ber-nardum
2300 4404 2411 4442 olim
2452 4402 2721 4450 Archiprae-

174 4455 320 4494 sulem
342 4455 612 4507 expetitum,
632 4459 882 4499 coelestem
902 4458 994 4499 sibi
1017 4460 1272 4499 Patronum
1290 4459 1544 4509 delegerat.
