3308 5004
159 312 351 381 ΔΗΕ.
403 313 445 378 6
899 333 979 382 nn
1025 332 1119 382 ss.
1168 331 1362 383 Jusro
1407 333 1484 382 tr
1530 334 1810 384 ras-roan
1861 335 1977 384 uu.
2497 323 2626 388 ⁴95

160 417 423 487 audite.
454 418 536 485 Et
559 414 731 487 dum
758 414 938 488 faeta
965 430 1090 497 est,
1119 416 1368 504 inquit,
1395 438 1547 500 vox,
1572 418 1897 491 inventus
1925 434 2029 490 est
2053 418 2245 491 solus
2270 426 2499 493 Iesus.
2532 423 2708 506 Quid

160 504 247 577 ad
290 505 463 574 haec
506 503 678 577 dicit
708 504 925 580 durae
953 505 1239 577 cervicis
1282 506 1617 589 iudaeus,
1672 508 1795 595 qui
1832 521 1936 578 est
1972 521 2346 581 contumax
2387 526 2454 581 et
2503 533 2714 601 repu-

157 615 413 686 gnans,
463 605 531 663 et
579 616 697 665 cor
736 593 977 678 habet,
1075 594 1213 666 uod
1259 594 1525 666 nullam
1561 595 1857 698 suscipit
1891 596 2494 669 admonitionem?
2540 605 2710 671 Ecce

162 694 523 775 praesente
556 688 738 754 Mose
760 688 954 754 Pater
971 684 1000 785 j
1146 684 1448 755 tsanctis
1475 684 1837 776 Apost011S‚
1873 697 1953 756 ut
1974 707 2136 757 eum
2171 688 2483 758 audiant.
2513 690 2708 772 Quod

159 772 222 843 si
256 794 379 843 eos
429 771 757 844 voluisset
801 794 998 860 sequi
1039 785 1398 864 praecepta
1448 773 1652 845 Mosis
1678 828 1694 856 ,
1752 774 2076 847 dixisset:
2131 779 2402 847 Servate
2460 777 2704 868 legem.

156 867 359 933 Nunc
406 873 634 930 autem
679 881 765 930 ne
792 860 921 932 hoc
970 861 1249 949 quidem
1297 860 1466 932 dicit
1499 867 1676 933 Deus
1720 876 1787 935 et
1820 868 2035 934 Pater.
2076 864 2206 934 Sed
2247 885 2409 936 eum
2441 866 2712 937 adesset

159 955 381 1021 Moses
412 961 478 1019 et
515 949 669 1039 ejus
696 950 1031 1040 Propheta
1077 950 1281 1032 Elias,
1312 950 1514 1039 jubet
1557 972 1676 1023 eos
1707 952 1940 1053 ipsum
1973 951 2220 1023 audire
2247 953 2503 1044 potius,

247 1041 285 1126 ἓ
332 1043 493 1111 1⁰.
549 1042 641 1109 Ne
700 1051 931 1111 autem
996 1039 1592 1110 calumniarentur
1654 1039 1874 1129 aliqui
1926 1041 2330 1123 veritatem,
2398 1042 2706 1114 dicentes

159 1127 346 1215 quod
394 1132 592 1199 Pater
617 1148 735 1198 eos
763 1128 1051 1229 jusserit
1096 1128 1340 1200 audire
1388 1133 1668 1211 Mosem,
1718 1144 1783 1201 et
1831 1150 1968 1199 non
2019 1131 2332 1202 omnium
2388 1145 2701 1204 nostrum

160 1214 581 1286 salvatorem
630 1215 998 1298 Christum,
1053 1217 1438 1288 necessario
1484 1218 1917 1310 Evangelista
1962 1219 2360 1300 annotavit,
2412 1220 2652 1291 dicens
2688 1277 2703 1301 ‚

155 1305 342 1393 quod
391 1326 555 1377 curn
592 1327 711 1375 vox
768 1303 885 1375 illa
916 1305 1156 1386 extitit,
1201 1306 1520 1379 inventus
1565 1321 1669 1377 est
1713 1313 1917 1379 ,lesus
1963 1306 2178 1379 solus.
2215 1309 2502 1391 Quando
2539 1331 2704 1400 ergo

156 1393 421 1464 sanctis
467 1392 804 1484 Apostolis
853 1399 1029 1464 Deus
1068 1400 1284 1478 Pater,
1331 1408 1681 1483 tamquam
1712 1418 1793 1467 ex
1835 1396 2144 1467 nubibus
2175 1397 2476 1489 desuper
2508 1420 2705 1487 prae-

156 1483 365 1572 eepit,
417 1481 700 1553 dicens:
756 1486 994 1573 Ipsum
1028 1482 1307 1555 audite:
1359 1483 1594 1554 aberat
1638 1485 1924 1572 quidem
1959 1490 2201 1568 Moses,
2243 1485 2427 1557 Elias
2474 1502 2698 1557 autem

155 1593 294 1642 non
332 1570 568 1642 aderat
599 1594 614 1638 τ
667 1570 858 1642 solus
909 1593 1062 1642 vero
1091 1586 1236 1642 erat
1274 1573 1607 1644 Christus.

244 1662 283 1747 ξ
328 1662 465 1732 ss.
513 1659 728 1732 Jussit
772 1682 936 1751 ergo
992 1661 1222 1751 ipsum
1275 1661 1539 1732 audire.
1594 1666 1749 1752 Ipse
1802 1674 1906 1732 est
1958 1662 2144 1733 enim
2212 1662 2375 1734 finis
2424 1664 2595 1765 legis
2643 1678 2708 1734 et

153 1748 678 1838 Prophetarum.
714 1753 1074 1840 Propterea
1100 1749 1519 1821 Judaeorum
1547 1751 1886 1842 populum
1915 1751 2259 1822 allocutus
2287 1766 2410 1833 est,
2434 1753 2699 1824 dicens:

153 1840 235 1908 Si
268 1837 622 1907 crederem
653 1840 838 1919 Masi,
894 1840 1247 1908 crederetis
1297 1841 1532 1931 utiquc
1562 1840 1738 1910 mihi
1783 1840 2009 1930 (Joan.
2062 1840 2153 1929 v).
2207 1841 2330 1911 Ille
2376 1843 2560 1912 enim
2614 1843 2700 1911 de

156 1948 267 1996 me
299 1925 599 2016 scripsit.
651 1926 992 2009 Quoniam
1024 1941 1254 1998 autem
1286 1941 1352 1998 et
1387 1950 1506 2018 per
1537 1928 2133 2017 sapientissimum
2168 1935 2421 2000 Mosem
2462 1931 2699 2001 datum

158 2027 601 2105 praeceptum
639 2029 1096 2097 contemnere,
1127 2029 1193 2086 et
1214 2037 1392 2103 quae
1433 2038 1551 2108 per
1583 2030 1857 2087 sanctos
1890 2018 2260 2107 Prophetas
2298 2019 2481 2089 dicta
2511 2034 2697 2094 sunt,

151 2103 330 2173 nihil
360 2103 612 2175 ducere
639 2116 967 2194 perpetuo
998 2118 1542 2196 perseverarunt,
1563 2106 1723 2192 jure
1761 2118 1925 2177 sunt
1964 2106 2332 2178 abalienati
2373 2121 2440 2178 et
2471 2123 2702 2178 extur-

153 2193 300 2262 bati
337 2215 378 2261 a
411 2193 612 2263 bonis
644 2214 822 2280 quae
869 2195 1210 2284 promissa
1258 2206 1421 2265 sunt
1468 2195 1639 2285 ipsis
1688 2195 2026 2285 patribus.
2079 2195 2480 2268 Obedientia
2511 2197 2699 2266 enim

152 2278 399 2350 melior
442 2293 567 2361 est,
618 2303 828 2369 quam
878 2283 1344 2354 sacrificium:
1397 2298 1462 2353 et
1508 2281 1943 2362 auscultatio,
1992 2306 2202 2372 quam
2239 2285 2453 2375 adeps
2485 2308 2701 2377 agno-

147 2391 349 2452 rum:
403 2369 585 2441 sicut
616 2371 953 2462 scriptum
978 2384 1102 2443 est.
1146 2376 1227 2441 Et
1259 2372 1349 2441 ita
1379 2371 1659 2460 quidem
1696 2394 1770 2443 se
1811 2372 2064 2442 habent
2093 2395 2202 2443 res
2233 2373 2697 2444 Judaeorum.

148 2458 361 2529 Nobis
399 2472 656 2542 autem,
690 2460 810 2548 qui
839 2459 991 2547 ejus
1037 2460 1411 2532 adventum
1446 2460 1884 2550 agnovimus,
1922 2462 2159 2533 omnia
2197 2463 2483 2533 omnino
2518 2465 2701 2534 bona

150 2547 447 2618 aderunt
497 2570 615 2637 per
649 2549 877 2639 ipsum
911 2563 976 2619 et
1007 2550 1076 2618 in
1119 2549 1270 2641 ipso
1307 2551 1596 2620 Christo.
1648 2555 1776 2621 Per
1809 2571 2043 2639 quem,
2079 2563 2334 2622 etcum
2364 2574 2526 2640 quo,
2570 2558 2704 2621 Deo

149 2651 215 2706 et
255 2637 439 2733 Patri
473 2637 693 2728 gloria
717 2651 784 2709 et
817 2637 1142 2727 potentia,
1179 2660 1340 2711 cum
1381 2643 1628 2710 Sancto
1663 2639 1924 2730 Spiritu
1964 2639 2033 2709 in
2066 2640 2323 2710 secula.
2365 2645 2601 2710 Amen.

1096 2909 1749 2991 MARTYRIUM

212 3108 354 3209 SS.
428 3107 736 3210 PUER.
816 3109 933 3217 ET
998 3109 1500 3217 FRATRUM
1569 3108 1852 3214 JUSTl
1931 3110 2054 3213 ΕΤ
2129 3110 2620 3214 PASTORIS

385 3332 555 3391 QUOD
603 3332 853 3385 MUTATO
902 3333 1125 3381 PAssnr
1174 3333 1519 3394 STYLO‚.Ex
1567 3333 2039 3391 AN'rloulssuns
2087 3333 2439 3395 CODICIBUS,

297 3440 534 3499 QUIBUS
581 3438 1081 3493 SUFFRAGANTUR
1128 3440 1635 3500 UARTYROLOGM,
1687 3440 2024 3490 ExCERPstT
2071 3443 2260 3491 LAUR.
2313 3442 2543 3491 SURIUS

884 3602 1080 3661 Pessi
1121 3602 1302 3661 circa
1344 3605 1479 3660 304
1523 3634 1596 3655 .--
1640 3602 1956 3673 Hispani.

225 3788 262 3874 ἕ
311 3793 385 3862 1.
446 3790 537 3856 Eo
584 3798 910 3877 tempore,
955 3808 1093 3874 quo
1138 3785 1670 3857 crudelissimus
1718 3789 2047 3858 Datianus
2095 3787 2428 3858 instinctu
2478 3787 2697 3858 infer·

136 3875 322 3947 natis
367 3876 729 3964 serpentis,
765 3887 831 3945 et
859 3874 1150 3946 consilio
1185 3889 1588 3965 provocatus
1619 3875 1902 3955 diaboli,
1936 3876 2337 3946 universum
2393 3876 2698 3946 rabidus

130 3964 590 4054 perlustraret
625 3965 860 4035 orbem
888 4019 905 4039 .
969 3976 1047 4041 ut
1092 3985 1567 4051 quoscumque
1618 3965 1987 4034 invenisset
2035 3965 2456 4034 Christianos
2488 4019 2503 4044 ‚
2574 3986 2698 4053 per

134 4053 447 4125 diversas
496 4076 567 4123 re
618 4054 807 4127 iones
845 4053 1234 4142 dispersos,
1294 4053 1498 4122 variis
1552 4066 2046 4123 tormentorum
2100 4053 2479 4142 generibus
2537 4075 2697 4122 cru-

133 4142 367 4224 ciaret,
420 4153 488 4212 et
524 4077 614 4213 a}
652 4164 817 4215 suae
862 4141 1236 4231 sacrilegae
1284 4140 1636 4232 religionis
1666 4142 1930 4211 cultum
1977 4155 2317 4212 revocaret
2354 4166 2367 4209 :
2408 4143 2698 4233 contigit

128 4253 293 4303 eum
342 4232 431 4303 ad
482 4230 1037 4322 complutensem
1070 4231 1412 4302 civitatem
1462 4232 1566 4321 (a)
1613 4231 2018 4302 transeundi
2068 4232 2288 4323 gratia
2336 4231 2688 4303 devenire.

181 4394 249 4445 (n)
277 4397 580 4437 compturus«
612 4392 819 4446 (hispan.
842 4394 1204 4440 Alealdlnobllis
1224 4395 1297 4435 est
1327 4395 1442 4435 urbs
1463 4397 1510 4436 et
1535 4393 1726 4436 illustre
1754 4395 2044 4438 Athenaeum
2075 4396 2305 4439 castellae
2334 4397 2492 4438 Novae
2523 4400 2580 4439 ad
2609 4399 2695 4437 He-

125 4462 271 4492 m
287 4451 509 4495 nuvium.
535 4457 620 4490 sex
648 4450 748 4490 tore
768 4450 918 4491 leucis
938 4449 1129 4491 uati-tto
1158 4450 1216 4490 nd
1237 4449 1476 4490 Orientem
1498 4450 1695 4491 distans.

1308 4742 1345 4779 Ι
