3308 5004
138 329 329 398 AUG.
388 331 471 396 ⁴9
2471 333 2601 400 4⁴9

1174 455 1257 522 IN
1324 454 1651 522 LAUDEM

626 623 709 728 S.
781 623 1247 727 LUDOVlCl
1319 624 1643 730 EPlSC.
1712 623 2217 728 TOLOSANI

821 831 1095 881 menon
1139 830 1404 880 «temtus
1452 831 1585 880 xxn
1633 829 1817 880 rom.
1857 831 2014 880 uu.

697 975 886 1034 Obiit
925 990 1105 1033 anno
1145 976 1304 1033 1297
1325 1005 1405 1017 —
1443 977 1500 1032 Ε
1541 975 1723 1035 Gau.
1768 973 2126 1035 Mei-idion.

227 1159 264 1245 ξ
312 1162 388 1229 1.
439 1154 739 1226 Joannes
787 1156 1167 1247 Episcopus
1196 1210 1213 1235 ,
1275 1177 1514 1227 servus
1570 1177 1924 1227 servorum
1973 1156 2167 1226 Dei..
2196 1208 2251 1226 ..
2298 1154 2408 1228 Sol
2458 1156 2691 1231 oriens

138 1243 408 1316 mundo
448 1244 519 1313 in
569 1244 931 1315 altissimis
977 1245 1117 1326 Dei,
1172 1249 1352 1315 Deus
1405 1244 1521 1315 Dei
1572 1244 1801 1326 filius,
1854 1255 1922 1315 et
1970 1256 2254 1336 paterno
2292 1258 2487 1317 utero
2533 1258 2691 1318 ante

139 1333 553 1405 Luciferum
583 1333 882 1425 genitus,
922 1337 1101 1403 Deus
1148 1333 1443 1404 Verbum
1474 1388 1492 1417 ,
1543 1334 1667 1421 qui
1725 1354 1958 1404 rerum
2011 1333 2080 1403 in
2133 1334 2477 1436 principio
2525 1334 2688 1406 fun-

138 1423 318 1493 dans
366 1434 616 1492 terram
669 1422 737 1491 in
774 1422 1134 1513 sapientia,
1172 1421 1400 1492 coelos
1434 1422 1805 1512 prudentia
1852 1422 2228 1494 stabilivit:
2281 1423 2688 1496 adornando

136 1511 365 1583 coelos
413 1509 784 1592 sideribus,
840 1511 1394 1602 germinantibus
1450 1511 1722 1583 cunctis
1770 1523 2067 1581 terram:
2118 1512 2380 1599 quique
2427 1512 2498 1582 in
2550 1514 2690 1585 fine

139 1613 531 1692 tempor-um
568 1621 692 1690 pro
737 1599 1028 1671 humani
1075 1599 1347 1692 generis
1394 1598 1615 1670 salute
1662 1611 1969 1670 nostram
2022 1601 2443 1680 assumendo
2484 1614 2688 1673 natu-

138 1712 317 1771 ram,
372 1688 532 1759 texit
590 1688 772 1758 nube
826 1701 1097 1759 nostrae
1145 1688 1377 1760 carnis
1414 1687 1682 1778 fragilis
1728 1688 2221 1779 semetipsum:
2285 1711 2471 1760 nunc
2518 1690 2693 1763 hora

135 1780 441 1848 instante
476 1777 873 1858 novissima,
910 1776 1376 1848 illuminando
1424 1799 1547 1868 per
1591 1789 1843 1849 cuncta
1875 1777 2278 1869 respiciens,
2321 1801 2502 1870 opus
2532 1801 2693 1871 pro-

137 1867 343 1938 duxit
373 1865 729 1947 mirabile,
787 1865 1119 1937 charitate
1155 1866 1417 1958 gloriae
1457 1888 1623 1938 suae
1686 1865 2013 1957 plenum,
2071 1867 2447 1937 bonitatem
2489 1890 2691 1941 suam

138 1968 540 2027 monstrans
588 1954 978 2045 magnifice,
1032 1977 1500 2047 sponsamque
1531 1978 1733 2026 suam
1771 1968 2078 2026 sanctam
2131 1968 2422 2026 matrem
2457 1957 2692 2028 Eccle-

141 2045 321 2114 siam
365 2042 660 2114 reddens
692 2043 988 2114 novitate
1020 2055 1156 2114 tam
1198 2043 1424 2115 clarae
1471 2044 1730 2116 sobolis
1777 2043 2292 2115 laetabundam.
2348 2049 2518 2117 Nam
2567 2046 2690 2135 qui

138 2132 307 2203 iacit
330 2131 676 2202 mirabilia
700 2154 952 2222 magna
974 2132 1188 2215 solus,
1211 2132 1540 2204 dilectum
1570 2154 1804 2214 suum,
1832 2133 2300 2204 confessorem
2326 2134 2685 2218 eximium,

136 2222 419 2292 beatum
470 2219 783 2290 videlicet
812 2221 1259 2304 Ludovicum‚
1298 2222 1592 2323 puritate
1616 2221 2021 2305 candidum,
2058 2222 2389 2293 charitate
2430 2220 2693 2294 fervida

142 2307 641 2389 rubicundum,
684 2306 975 2379 electum
1015 2332 1097 2380 ex
1147 2309 1478 2392 milhbus‚
1535 2310 1858 2400 produxit
1905 2311 2167 2381 noviter
2211 2323 2291 2381 ut
2335 2310 2689 2402 exemplar

142 2396 688 2490 praefulgidum,
726 2397 997 2467 cunctis
1043 2398 1370 2470 fidelibus
1416 2397 1861 2481 imitandum,
1912 2400 2066 2491 ejus
2102 2399 2281 2470 vitae
2309 2399 2691 2491 singularis

139 2485 619 2559 excellentiam
660 2485 883 2587 signis
944 2487 1245 2578 probans
1294 2499 1360 2558 et
1410 2486 1747 2578 prodigiis
1798 2488 2328 2560 coruscantibus
2357 2542 2375 2571 ,
2427 2489 2692 2561 crebris

146 2574 510 2647 miraculis
561 2575 1034 2647 manifestans

230 2668 270 2753 ξ
323 2671 412 2737 2.
466 2663 687 2764 Igitur
733 2663 1073 2737 laetentur
1115 2662 1288 2735 coeli
1334 2676 1402 2736 et
1448 2663 1703 2735 exultet
1735 2678 1936 2747 terra,
1970 2664 2403 2756 Jucundetur
2441 2667 2696 2758 pariter

142 2766 327 2825 totus
375 2753 587 2825 orbis.
640 2753 806 2825 Nam
857 2754 978 2855 qui
1023 2752 1280 2824 effulsit
1327 2753 1398 2823 in
1451 2753 1731 2912 templo,
1783 2753 1951 2824 dum
2014 2753 2286 2837 viveret,
2344 2756 2413 2825 in
2462 2755 2694 2827 medio

144 2842 441 2915 nebulae
489 2863 654 2911 suae
700 2864 931 2912 carnis
978 2853 1057 2913 ut
1096 2843 1434 2914 matutina
1471 2842 1671 2914 stela
1717 2864 1799 2912 ac
1846 2841 2015 2913 luna
2061 2842 2291 2934 plena,
2333 2843 2543 2916 solari
2591 2843 2697 2914 lu-

142 2931 332 3001 mine
394 2930 603 3002 veluti
649 2943 726 3001 ut
771 2930 873 3002 sol
923 2931 1312 3022 refulgens,
1376 2933 1446 3002 in
1499 2954 1623 3004 sua
1675 2930 2021 3003 formosus
2067 2931 2264 3015 stola,
2326 2933 2395 3003 in
2445 2933 2697 3004 virtute

143 3019 368 3091 multa
414 3019 769 3108 repentine
807 3019 894 3090 ad
949 3042 1225 3091 summa
1252 3019 1591 3112 graditur,
1650 3019 2001 3112 regalibus
2047 3019 2306 3111 dignus
2350 3021 2696 3113 adspecti-

138 3108 315 3189 bus,
370 3119 447 3179 ut
490 3107 746 3179 cadens
794 3108 1017 3179 lilium
1052 3163 1068 3188 ‚
1120 3132 1201 3181 ac
1250 3108 1485 3181 odoris
1531 3109 1929 3181 suavissimi
1978 3130 2131 3179 rosa
2180 3110 2462 3181 rubens.
2517 3110 2695 3182 Huic

138 3196 316 3269 coeli
357 3206 707 3288 praestant
754 3197 1131 3289 hospitium
1163 3199 1405 3281 :coeli
1452 3198 1635 3270 cives
1666 3210 1745 3269 ut
1775 3198 1909 3268 sibi
1958 3197 2382 3268 conformem
2411 3211 2477 3269 et
2507 3219 2695 3270 com-

139 3308 410 3445 Earem,
448 3284 534 3355 ad
567 3307 776 3357 suum
807 3286 996 3356 hunc
1020 3288 1445 3359 consortium
1476 3286 1854 3358 admittunt
1886 3286 1958 3355 in
1990 3287 2350 3378 supernis:
2386 3288 2695 3359 Christus

189 3397 333 3446 unc
374 3373 612 3455 reficit,
651 3374 987 3465 idemipse
1035 3376 1408 3467 prandium
1454 3388 1522 3447 et
1566 3376 1876 3448 conviva.
1930 3375 2056 3446 Hic
2105 3375 2262 3446 felix
2294 3387 2578 3448 sanctus
2608 3397 2692 3447 ex

266 3462 361 3533 ali
411 3463 757 3554 prosapia,
815 3477 1004 3553 patre
1052 3464 1364 3536 videlicet
1401 3463 1628 3536 clarae
1672 3463 2044 3535 memoriae
2082 3463 2321 3535 Carolo
2357 3469 2538 3557 Rege
2589 3465 2694 3535 Si-

140 3552 389 3622 citae:
445 3563 661 3622 matre
706 3572 888 3633 vero,
940 3552 1354 3624 charissima
1398 3553 1473 3624 in
1509 3553 1776 3624 Christo
1822 3552 1967 3625 filia
1999 3565 2232 3624 nostra
2265 3553 2476 3624 Maria
2524 3553 2691 3624 Sici·

141 3640 277 3711 liae
298 3640 561 3732 Regina
584 3662 663 3711 ex
691 3641 1071 3798 Hungaria,
1103 3641 1440 3733 originem
1469 3664 1669 3714 suam
1693 3642 1997 3724 trahenS,
2026 3642 2244 3712 altum
2280 3641 2390 3712 sui
2465 3642 2696 3713 eneris

143 3729 488 3801 recusavit
524 3750 766 3820 sapere
788 3783 804 3813 ,
900 3729 1143 3800 umilia
1191 3752 1462 3822 semper
1499 3730 1799 3821 diligens
1829 3741 1897 3800 et
1931 3729 2379 3819 amplectens.
2466 3731 2691 3801 ciebat

144 3840 470 3907 namque,
521 3817 706 3906 quod
739 3817 1048 3890 excelsus
1095 3820 1451 3902 Dominus,
1503 3819 1643 3889 alta
1691 3817 1775 3888 de
1815 3817 2195 3908 longinquo
2231 3819 2686 3910 prospiciens,

145 3907 442 3978 humilia
471 3929 509 3978 e
557 3908 782 3978 vicino
830 3907 1361 4000 contemplatur.
1420 3913 1855 3996 Quamquam
1896 3918 2127 3977 autem
2167 3906 2447 3998 singula
2497 3928 2694 3999 prae-

144 3995 335 4067 clara
372 4018 578 4088 opera
609 3994 878 4067 lucidae
919 3997 1093 4067 vitae
1120 4018 1286 4069 suae
1318 3996 1544 4067 verbis
1622 3995 1820 4067 aucis
1863 3994 2173 4065 enarrari
2212 4017 2346 4066 non
2398 3995 2687 4085 possint,

141 4085 383 4174 aliqua
405 4097 633 4156 tamen
666 4084 752 4155 de
781 4084 1323 4176 quamplurimis
1352 4084 1438 4156 ad
1474 4086 1581 4157 uti
1613 4085 1843 4156 itatem
1872 4082 2248 4174 legentium
2284 4082 2686 4155 referemus:

139 4188 222 4246 ut
267 4197 350 4244 ex
381 4174 493 4245 his
533 4178 745 4244 Deum
778 4179 1046 4245 Patrem
1084 4173 1495 4266 glorificent,
1537 4187 1604 4247 et
1636 4174 1709 4245 in
1744 4173 1853 4243 his
1882 4172 2229 4264 reperiant
2274 4170 2549 4244 vivendi
2582 4195 2692 4244 re-

142 4262 414 4355 gulam,
452 4284 664 4351 quam
696 4275 1105 4351 sequantur.

237 4354 277 4440 ἓ
321 4356 415 4424 8.
468 4356 759 4423 Sanctus
804 4353 956 4435 iste,
1010 4353 1191 4425 sicut
1239 4353 1604 4444 probatum
1650 4362 1756 4423 est
1803 4349 2214 4422 testimoniis
2252 4348 2389 4421 fide
2425 4350 2687 4443 dignis,

145 4440 226 4509 in
249 4451 465 4511 aetate
491 4440 788 4513 existens
818 4452 1074 4528 tenera,
1110 4442 1243 4516 sub
1269 4440 1583 4534 magistri
1611 4440 1937 4532 religiosa
1959 4439 2322 4533 diligentia
2352 4463 2514 4514 cum
2542 4440 2689 4513 suis
