3308 5004
142 325 314 393 AUG.
367 325 449 389 ⁴3
920 342 999 388 m:
1046 342 1102 388 S.
1154 341 1529 391 nAnnsUNnn
1577 343 1818 391 naama
2451 327 2577 392 317

139 423 486 493 videretur.
539 421 713 491 Vivit
761 421 1101 508 hodieque
1141 420 1325 491 clare
1374 422 1636 492 videns.
1694 428 1860 494 Cum
1911 437 2138 494 autem
2182 424 2328 515 jam
2384 423 2673 495 humata

136 524 297 584 esset
340 535 380 581 a
418 510 742 602 Gregorio
769 510 1128 601 Episcopo,
1164 511 1570 599 operculum
1602 511 1871 582 tumulo
1910 511 2064 601 ejus
2112 535 2247 583 non
2286 525 2387 582 est
2434 513 2520 582 ab
2545 513 2671 583 illo

138 602 543 691 impositum,
602 599 819 669 donec
880 599 1130 669 rediret
1187 599 1600 670 Pictavensis
1648 600 1955 670 antistes.
2005 606 2242 688 Itaque
2303 601 2516 672 libere
2565 624 2674 672 ce-

139 711 272 760 reos
317 690 404 759 ad
473 711 625 759 eam
675 687 1075 758 adferebant
1141 708 1428 771 omneS,
1501 688 1900 780 sepulcrum
1963 690 2536 772 circumstanteS,
2607 703 2673 760 et

142 778 439 868 singulae
472 777 621 847 suis
668 778 884 847 cereis
932 776 1217 846 nomina
1273 799 1399 847 sua
1438 777 1959 868 inscripserant,
2017 777 2407 865 dabantque
2439 800 2672 850 cereos

142 889 359 936 omnes
420 889 543 958 per
589 866 903 937 ordinem
952 865 1076 935 uni
1123 887 1159 935 e
1206 865 1513 936 famuliS.
1586 871 1663 935 Et
1710 888 1867 936 ecce
1926 865 2152 936 existit
2206 868 2549 936 contentio
2600 868 2671 937 in

144 956 402 1046 populo,
459 955 618 1026 aliis
667 954 1059 1025 dicentibus
1101 976 1335 1025 cereos
1382 954 1537 1025 illos
1583 955 1653 1023 in
1704 955 1857 1045 ejus
1904 967 2219 1025 sanctum
2272 954 2672 1046 sepulcrum

145 1044 495 1115 mittendos
534 1065 682 1113 esse
717 1099 732 1126 ,
787 1043 943 1114 aliis
993 1042 1059 1111 id
1112 1043 1551 1133 negantibus,
1604 1043 1887 1113 Interim
1937 1064 1973 1112 e
2039 1043 2237 1133 pueri
2292 1065 2523 1113 cereos
2575 1057 2672 1113 te-

145 1133 346 1204 nentis
385 1132 672 1203 brachio
721 1154 907 1202 unus
952 1131 1263 1214 exiliens,
1315 1145 1382 1202 et
1429 1131 1767 1223 populum
1818 1153 2090 1201 omnem
2151 1131 2665 1214 transcendenS,

139 1222 200 1290 in
244 1221 637 1313 sepulcrum
674 1220 760 1290 ad
812 1220 1018 1311 pedes
1067 1222 1305 1291 beatae
1352 1242 1424 1290 se
1472 1220 1774 1302 demisit,
1847 1220 2032 1290 litem
2098 1241 2375 1290 omnem
2436 1220 2671 1311 eoipso

138 1310 479 1380 dirimens,
535 1314 850 1401 Inspecto
890 1330 1108 1389 cereo,
1163 1308 1520 1379 inventum
1561 1321 1664 1379 est
1703 1330 1954 1379 nomen
1991 1308 2229 1379 Calvae
2269 1308 2338 1377 in
2388 1330 2466 1378 eo
2502 1309 2672 1381 scri-

139 1412 337 1488 ptum.
391 1405 484 1469 Ea
520 1420 590 1468 re
640 1411 1021 1489 perspecta,
1063 1398 1444 1489 Episcopus
1490 1411 1555 1469 et
1609 1397 1802 1488 plebs
1858 1397 2111 1478 omnis,
2166 1397 2403 1467 beatae
2451 1396 2672 1467 Rade-

137 1487 376 1578 gundis
426 1489 744 1557 virtutem
781 1486 1227 1569 admiranteS,
1283 1487 1651 1556 Dominum
1701 1486 2223 1557 benedixerunt.

214 1585 247 1657 ἓ
296 1582 454 1649 383.
533 1581 720 1659 Quae
769 1597 925 1645 vero
993 1587 1145 1666 post
1189 1575 1341 1665 ejus
1388 1575 1751 1644 decessum
1820 1597 1898 1644 eo
1947 1574 2014 1643 in
2083 1575 2234 1644 loco
2283 1573 2671 1644 declaratae

136 1664 258 1734 sint
305 1667 586 1735 virtutes
646 1678 711 1735 et
771 1664 954 1733 edita
1003 1664 1363 1746 miracula,
1417 1675 1583 1751 quot
1631 1663 2062 1733 daemoniaci
2128 1663 2439 1744 liberati,
2508 1676 2673 1750 quot

135 1753 339 1842 pulsis
385 1754 697 1825 febribus
744 1754 990 1833 curati,
1034 1752 1192 1840 quis
1224 1752 1324 1823 vel
1377 1774 1745 1822 numerare
1780 1752 2127 1824 sufficiat?
2174 1757 2220 1821 Α
2270 1752 2674 1842 Burgundia

137 1863 281 1911 cum
330 1844 666 1934 Episcopo
714 1843 1015 1930 quodam
1048 1842 1232 1911 venit
1260 1842 1633 1911 Pictavium
1668 1841 1821 1930 ejus
1860 1842 2108 1921 AbbaS‚
2148 1840 2333 1911 Abbo
2366 1840 2666 1910 nomine.

137 1934 196 1999 Is
241 1954 489 2023 magno
561 1930 704 2001 illic
752 1930 987 2000 dolore
1045 1930 1355 2000 dentium
1407 1942 1730 2011 vexatus,
1799 1942 1994 1999 nocte
2064 1942 2129 2000 et
2176 1930 2287 1999 die
2333 1929 2674 2001 clamores

133 2018 382 2101 edebat,
417 2033 705 2090 mortem
742 2019 1108 2089 adventare
1139 2019 1455 2108 cupiens,
1493 2031 1570 2088 ut
1609 2031 1833 2108 posset
1868 2030 2053 2088 tanto
2087 2017 2297 2087 levari
2328 2019 2668 2088 cruciatu.

139 2108 371 2180 Incidit
409 2121 640 2179 autem
681 2107 834 2196 ejus
873 2108 1131 2189 anima,
1189 2113 1321 2177 Deo
1369 2108 1778 2197 inspirante,
1832 2118 1908 2178 ut
1956 2129 2028 2176 se
2068 2120 2341 2177 curaret
2388 2107 2459 2175 in
2511 2129 2672 2177 san-

137 2209 271 2265 ctae
304 2197 491 2267 Rade
544 2197 751 2267 undis
783 2196 1145 2266 basilicam
1197 2196 1506 2288 perduci.
1558 2201 1923 2287 Ingressus
1972 2196 2176 2277 intro,
2228 2218 2388 2265 cum
2425 2194 2561 2264 fide
2603 2218 2675 2265 se

135 2296 278 2355 ante
325 2221 724 2377 sepulcrum
778 2285 974 2356 humi
1042 2286 1455 2375 prosternit,
1524 2298 1811 2355 mortem
1870 2307 2033 2374 prae
2100 2285 2322 2355 oculis
2380 2284 2668 2365 habens,

140 2375 629 2462 operimentum
684 2375 825 2443 sive
877 2372 1132 2464 pallam
1171 2373 1445 2445 *tumuli
1507 2374 1862 2443 mordicus
1909 2373 2389 2464 apprehendit,
2444 2384 2509 2443 et
2554 2372 2674 2460 qui

140 2475 381 2553 septem
424 2463 675 2535 diebus
741 2485 866 2534 nec
913 2464 1150 2533 cibum
1221 2476 1634 2565 sumpserat,
1693 2484 1816 2532 nec
1877 2484 2199 2532 somnum
2255 2483 2501 2552 capere
2551 2484 2674 2551 po-

141 2563 316 2634 terat,
369 2556 458 2624 ab
511 2552 629 2622 illo
680 2575 914 2624 morsu
943 2574 1188 2621 somno
1226 2552 1621 2643 corr1pitur‚
1676 2551 2045 2638 doloreque
2091 2551 2419 2642 fugiente,
2462 2573 2676 2621 sanus

137 2639 265 2710 abit
309 2643 393 2711 ad
429 2641 838 2732 hospitium.
891 2641 1084 2711 Multi
1135 2641 1264 2711 hoc
1297 2654 1531 2730 postea
1579 2641 1665 2710 ab
1697 2641 1847 2732 ejus
1886 2662 2002 2710 ore
2041 2651 2477 2730 acceperunt,
2511 2662 2671 2710 cum

139 2727 239 2797 ille
287 2731 514 2820 palam
563 2742 973 2813 testaretur,
1036 2752 1107 2800 se
1171 2729 1492 2800 dominae
1555 2730 2002 2820 Radegundis
2079 2729 2328 2799 virtute
2376 2728 2461 2798 ab
2524 2729 2675 2818 ipso

142 2819 363 2890 mortis
402 2820 599 2890 aditu
649 2831 1068 2889 revocatum.

214 2909 247 2993 ἓ
296 2913 450 2981 21.
507 2907 723 2977 Habet
755 2907 883 2977 hoc
917 2907 1370 2988 consuetudo,
1405 2919 1482 2978 ut
1523 2908 1591 2976 in
1621 2907 1811 2977 feriis
1860 2906 2041 2977 beati
2074 2905 2317 2976 Hilarii
2352 2905 2674 2996 Episcopi

142 2993 388 3083 reliqua
426 2996 843 3066 monasteria
892 2997 1155 3067 circum
1206 2996 1615 3086 adjacentia,
1670 2995 1742 3064 in
1789 2995 2089 3064 mediam
2139 3017 2361 3082 usque
2404 3006 2675 3064 noctem

143 3080 269 3153 illic
299 3085 575 3176 vigilias
624 3085 992 3155 celebrent:
1045 3108 1083 3154 a
1117 3085 1344 3155 media
1394 3106 1549 3154 vero
1603 3097 1798 3154 nocte
1847 3084 2109 3175 singuli
2168 3083 2457 3154 Abbates
2514 3105 2676 3153 cum

143 3171 274 3241 suis
330 3174 664 3243 fratribus
720 3173 805 3242 ad
857 3195 983 3244 sua
1031 3187 1457 3245 revertantur
1507 3174 1966 3254 monasteria,
2021 3183 2392 3243 nocturnas
2441 3193 2676 3263 preces

151 3262 575 3345 persoluturi.
637 3266 874 3350 Itaque
943 3285 1103 3333 cum
1155 3263 1225 3331 in
1301 3262 1480 3333 beati
1530 3262 1856 3332 antistitis
1930 3261 2216 3331 basilica
2263 3263 2324 3330 vi
2379 3260 2671 3342 ilarent,

145 3357 267 3418 toto
295 3350 413 3420 illo
447 3350 669 3420 noctis
692 3351 913 3442 spatio
945 3352 1397 3441 energumeni
1445 3350 1862 3423 clamabant.
1901 3356 1978 3421 In
2013 3351 2098 3419 iis
2127 3349 2304 3421 duas
2364 3351 2677 3420 oeminas

144 3433 277 3506 dire
312 3439 704 3530 exagitabat
761 3439 985 3509 malus
1024 3440 1343 3513 daemon.
1382 3462 1596 3510 unam
1649 3439 2078 3531 praesertim,
2132 3438 2218 3508 ad
2275 3439 2483 3526 cujus
2542 3438 2679 3508 fre-

153 3524 374 3596 mitum
428 3540 568 3598 tota
611 3528 894 3598 basilica
936 3529 1288 3599 tremebat.
1341 3528 1761 3600 Abscedente
1808 3541 2036 3599 autem
2091 3526 2253 3596 inde
2302 3527 2677 3599 venerabili

149 3613 532 3712 ArnegisiIO,
585 3617 839 3686 Abbate
886 3617 1212 3686 basilicae
1258 3619 1496 3689 beatae
1535 3623 1629 3688 Re
1682 3618 1836 3687 inae
1874 3616 2342 3707 RadegundiS,
2393 3629 2458 3686 et
2516 3639 2677 3686 cum

158 3719 283 3770 suis
329 3705 689 3776 monachis
735 3705 821 3774 ad
873 3727 1071 3775 suam
1127 3705 1487 3777 basilicam
1536 3728 1608 3775 re
1662 3717 1889 3787 eunte,
1941 3704 2280 3775 foeminae
2322 3706 2478 3775 illae
2536 3703 2679 3774 cla-

154 3791 410 3864 mabant
458 3805 613 3885 post
644 3815 783 3875 eos,
823 3806 887 3863 et
936 3796 1286 3896 ingressae
1328 3796 1396 3864 in
1435 3795 1823 3876 basilicam,
1863 3794 2313 3864 vociferantes
2345 3794 2671 3874 orabant,

157 3886 224 3973 ut
256 3878 529 3951 domina
562 3882 1008 3972 Radegundis
1034 3884 1206 3974 ipsis
1242 3896 1571 3975 parceret.
1625 3887 1990 3975 Cumssergo
2024 3883 2403 3953 matutinae
2443 3902 2677 3971 preces

155 3960 547 4052 dicerentur,
601 3971 817 4041 altera
863 3984 1104 4041 sanata
1150 3985 1273 4054 est,
1332 3995 1539 4060 quam
1601 3971 1891 4042 daemon
1952 3985 2054 4042 ter
2099 3971 2335 4059 quinis
2381 3991 2679 4059 occupa—

158 4070 320 4126 verat
362 4058 607 4129 annis:
663 4060 876 4130 altera
923 4060 1008 4129 ad
1045 4061 1335 4131 Tertiam
1388 4075 1544 4132 ante
1591 4059 1919 4132 basilicae
1964 4060 2144 4131 fores
2177 4060 2498 4131 liberata:
2554 4079 2679 4128 nec

156 4156 368 4227 postea
411 4149 513 4219 eis
562 4149 1037 4235 nequissimus
1085 4150 1373 4240 spiritus
1415 4171 1660 4220 nocere
1707 4151 1952 4240 potuit.

193 4233 264 4327 ,ξ
312 4239 460 4309 ²5.
518 4241 735 4319 Quam
787 4238 979 4328 larga
1025 4251 1128 4309 est
1164 4252 1228 4309 et
1275 4238 1466 4308 dives
1515 4238 1989 4310 misericordia
2046 4237 2184 4318 Dei,
2239 4249 2318 4307 ut
2366 4257 2529 4309 suos
2575 4234 2678 4306 fa-

148 4331 276 4388 ciat
321 4325 658 4414 trepidare
689 4381 704 4408 ‚
757 4339 823 4397 et
872 4326 1020 4397 loca
1089 4338 1485 4398 sanctorum
1547 4327 1617 4397 in
1671 4328 1947 4397 uirerei
2004 4327 2344 4396 Virtutum
2395 4325 2679 4416 largitor

153 4424 266 4490 per
301 4431 454 4483 suos
504 4414 741 4485 fideles
788 4416 1242 4507 dispensatim
1275 4438 1473 4487 suam
1523 4416 1647 4487 dec
1680 4430 1826 4488 arat
1862 4415 2259 4508 potentiam.
2310 4415 2438 4485 Alii
2490 4416 2677 4486 enim
