3308 5004
155 286 341 354 AUG.
396 286 483 353 28
708 305 788 354 m:
835 305 893 353 s,
944 303 1309 353 sucuswto
1356 302 1556 352 muse.
1608 304 1686 352 1:1-
1731 303 1905 355 nect..
1959 236 2140 356 noc-r.
2492 289 2623 356 697

153 389 582 480 coepiscopis
626 387 1186 479 confugeramus,
1230 389 1300 457 in
1336 388 1717 475 eademque
1746 389 1935 461 omni
1980 375 2366 461 obsidionis
2402 402 2711 481 tempore

153 477 444 550 fuimus.
502 478 629 554 Ubi
672 478 1033 550 nobiscum
1084 500 1292 568 super
1340 477 1450 549 his
1482 477 1879 550 infortuniis
1907 480 2316 569 saepissime
2354 481 2710 568 colloque-

158 568 434 646 bamur,
471 580 538 639 et
584 569 700 639 Dei
751 565 1107 638 tremenda
1142 566 1412 656 judicia
1470 589 1632 655 prae
1679 568 1902 640 oculis
1965 569 2221 640 nostris
2274 570 2492 659 posita
2540 593 2712 640 con·
2757 637 2762 644 .

156 657 660 736 sidet-abemus,
713 655 1061 727 dicentes:
1122 661 1357 727 Justus
1416 678 1486 727 es
1550 659 1863 738 Domine,
1930 668 1994 728 et
2046 668 2306 729 rectum
2361 660 2708 755 judicium

154 757 373 818 tuum.
413 745 805 831 Pariterque
834 744 1165 826 dolentes,
1218 758 1566 835 gementes
1613 759 1679 815 et
1725 746 2002 827 flentes,
2056 748 2431 818 orabamus
2504 750 2710 819 mise·

157 834 499 905 rationum
553 847 812 924 patrem
862 846 933 906 et
976 838 1186 904 Deum
1222 835 1451 904 omnis
1498 835 2013 918 consolationiS,
2050 850 2125 907 ut
2172 836 2260 906 de
2304 836 2548 907 eadem
2575 859 2708 908 nos

158 922 596 994 tribulatione
643 920 1003 994 sublevare
1049 920 1476 1023 dignaretur.

244 1016 282 1102 ξ
327 1017 496 1088 cn).
549 1017 627 1082 Et
664 1011 835 1083 forte
886 1013 1218 1101 provenit,
1266 1024 1342 1082 ut
1381 1012 1522 1080 una
1554 1033 1715 1081 cum
1750 1012 1990 1084 eodem
2041 1013 2128 1084 ad
2180 1035 2490 1090 mensam
2541 1035 2709 1084 con-

154 1102 437 1183 stitutis,
487 1114 554 1172 et
600 1100 764 1172 inde
818 1098 1427 1172 confabulantibus
1457 1154 1472 1182 ,
1525 1101 1826 1190 coeperit
1878 1123 2111 1172 coram
2181 1102 2382 1174 nobis
2430 1102 2704 1174 dicere:

153 1214 193 1259 «
229 1190 562 1262 Noveritis
604 1212 714 1262 me
761 1189 890 1260 hoc
931 1202 1235 1279 tempore
1283 1202 1554 1259 nostrae
1601 1189 2014 1261 calamitatis
2065 1196 2274 1262 Deum
2329 1214 2591 1282 rogare,
2633 1204 2708 1262 ut

151 1293 277 1351 aut
317 1280 497 1350 hanc
543 1278 884 1349 civitatem
921 1278 1008 1348 ab
1057 1277 1373 1350 hostibus
1420 1278 1923 1349 circumdatam
1983 1279 2278 1350 liberare
2332 1281 2705 1372 dignetur,

151 1382 277 1441 aut
322 1369 378 1438 si
414 1367 603 1439 aliud
637 1367 701 1440 ei
749 1366 1040 1447 videtur,
1075 1389 1238 1438 suos
1286 1388 1516 1436 servos
1545 1367 1631 1437 ad
1686 1367 2159 1457 perierendam
2211 1383 2415 1440 suam·
2464 1369 2707 1441 volun·

152 1471 363 1528 tatem
412 1457 620 1529 fortes
666 1455 871 1527 faciat
902 1510 918 1537 ,
971 1467 1090 1528 aut
1137 1467 1317 1525 certe
1378 1470 1457 1526 ut
1507 1478 1613 1525 me
1676 1457 1761 1526 de
1807 1456 1936 1527 hoc
1985 1457 2221 1529 seculo
2266 1458 2350 1528 ad
2407 1481 2480 1529 se
2527 1458 2711 1528 acci-

154 1547 376 1638 piat.»
425 1552 612 1630 Quae
660 1545 777 1616 ille
823 1544 1087 1625 dicens,
1134 1566 1396 1631 nosque
1446 1545 1824 1626 instruens,
1878 1546 2209 1635 deinceps
2255 1570 2415 1620 cum
2466 1547 2707 1618 eodem

150 1649 223 1707 et
271 1656 397 1705 nos
442 1657 604 1708 cum
658 1634 910 1704 nostris
956 1635 1311 1713 omnibus,
1367 1645 1433 1703 et
1480 1634 1661 1723 ipsi,
1714 1635 1839 1722 qui
1883 1635 1951 1703 in
1995 1635 2234 1705 eadem
2301 1635 2572 1707 fuerant
2610 1636 2712 1706 ci·

151 1724 405 1804 vitate,
470 1746 507 1793 a
556 1744 843 1793 summo
883 1728 1015 1793 Deo
1077 1721 1397 1792 similiter
1446 1724 1870 1812 petebamus.
1928 1729 2004 1794 Et
2072 1746 2228 1794 ecce
2279 1725 2713 1795 tertio'illius

157 1812 547 1884 obsidionis
589 1833 821 1881 mense
851 1810 1184 1881 decubuit
1232 1811 1427 1893 leem,
1480 1812 1791 1882 febribus
1825 1811 2174 1904 fatigatus,
2213 1826 2279 1882 et
2315 1814 2432 1884 illa
2465 1812 2714 1884 ultima

156 1901 603 1972 exercebatur
648 1899 1101 1989 aegritudine.
1131 1905 1262 1972 Nec
1310 1922 1514 1970 suum
1547 1923 1712 1970 sane
1741 1902 2074 1971 Dominus
2104 1901 2445 1972 famulum
2478 1901 2714 1972 fructu

161 2011 335 2059 suae
383 1989 604 2079 precis
651 1988 1017 2060 fraudavit.
1077 1994 1243 2060 Nam
1293 2002 1358 2060 et
1406 1988 1704 2080 sibiipsi,
1761 2002 1826 2060 et
1872 1990 2094 2059 eidem
2164 1991 2469 2070 civitati,
2524 1991 2709 2078 quod

160 2077 576 2167 lacrymosis
621 2077 931 2168 deposcit
957 2078 1405 2168 precibus,?in
1444 2091 1748 2168 tempore
1789 2078 2203 2166 impetravit.
2240 2080 2400 2149 Novi
2437 2101 2714 2167 quoque

160 2167 482 2238 eumdem
516 2179 581 2235 et
615 2168 1089 2258 presbyterum
1119 2167 1614 2258 etEpiscopum
1643 2167 2204 2256 proquibusdam
2225 2169 2714 2258 energumenis

212 2255 598 2337 etentibus,
651 2268 729 2327 ut
775 2268 1044 2336 oraret,
1092 2267 1404 2344 rogatum
1449 2280 1462 2322 ε
1518 2278 1818 2342 eumque
1883 2256 1951 2324 in
2010 2255 2317 2325 oratione
2366 2255 2713 2346 lacrymas

154 2278 583 2424 fundentem,
620 2349 833 2414 Deum
875 2365 1175 2434 rogasse,
1207 2356 1272 2413 et
1309 2343 1680 2413 daemones
1727 2346 1816 2412 ab
1867 2344 2268 2414 hominibus
2316 2346 2708 2415 recessisse.

154 2438 467 2523 Itemque
516 2432 659 2506 scio
708 2432 794 2504 ad
827 2456 985 2504 eum
1046 2445 1510 2524 aegrotantem
1564 2445 1630 2502 et
1677 2432 1850 2500 lecto
1904 2433 2288 2522 jacentem,
2332 2434 2706 2521 quemdam

149 2546 313 2595 cum
365 2547 493 2594 suo
539 2537 818 2615 aegroto
852 2522 1137 2604 venisse,
1175 2535 1242 2592 et
1273 2521 1642 2612 rogavisse,
1683 2534 1757 2591 ut
1801 2521 2023 2595 eidem
2075 2544 2361 2592 manum
2401 2523 2713 2613 impone-

154 2627 283 2694 ret,
335 2625 413 2684 ut
452 2635 665 2683 sanus
710 2634 860 2684 esse
909 2625 1178 2702 posset:
1230 2632 1528 2696 eumque
1562 2610 2023 2699 respondisse,
2069 2611 2124 2679 si
2167 2610 2257 2681 ali
2312 2612 2427 2680 uid
2482 2612 2550 2681 in
2603 2612 2712 2682 his

151 2716 407 2791 posset,
463 2700 594 2771 sibi
646 2701 774 2771 hoc
806 2701 1048 2787 utique
1097 2700 1420 2791 primitus
1471 2699 1959 2788 praestitisset:
2016 2699 2214 2770 illum
2319 2701 2544 2780 ixisse,
2600 2702 2701 2770 vi-

149 2790 439 2859 sitatum
488 2811 562 2858 se
607 2787 864 2871 fuisse,
918 2791 1188 2876 sibique
1237 2810 1356 2878 per
1417 2787 1769 2857 somnium
1832 2787 2098 2859 dictum
2161 2811 2334 2860 esse.
2389 2789 2568 2859 Vade
2615 2789 2702 2858 ad

145 2877 616 2966 Augustinum
668 2878 1128 2968 Episcopum,
1201 2889 1275 2946 ut
1323 2875 1544 2945 eidem
1620 2898 1908 2945 manum
1974 2878 2306 2968 imponat,
2361 2890 2425 2947 et
2473 2877 2708 2947 salvus

147 2965 309 3037 erit.
364 2964 558 3049 Quod
608 2964 775 3036 dum
826 2966 1296 3057 comperisset,
1349 2963 1570 3034 facere
1618 2987 1756 3035 non
1805 2965 2111 3037 distulit:
2161 2983 2225 3036 et
2268 2966 2464 3035 illum
2517 2967 2706 3036 infir·

150 3077 354 3126 mum
388 3054 719 3124 continuo
753 3056 1082 3126 Dominus
1131 3076 1379 3123 sanum
1430 3054 1518 3123 ab
1564 3054 1804 3125 eodem
1839 3054 2193 3126 discedere
2241 3054 2423 3126 fecit.

244 3144 282 3230 ἓ
327 3148 470 3216 41.
527 3147 791 3213 Interea
841 3142 1266 3213 reticendum
1321 3141 1605 3213 minime
1651 3156 1776 3223 est,
1812 3165 1971 3213 cum
2026 3144 2384 3213 memorati
2439 3145 2707 3233 impen-

147 3231 399 3302 derent
433 3230 686 3312 hostes»,
739 3254 778 3301 a
827 3246 1063 3302 sancto
1099 3231 1245 3300 viro
1279 3243 1510 3301 nostro
1555 3233 1966 3321 coepiscopo
2020 3232 2541 3303 Thabennensis
2596 3255 2709 3303 ec-

145 3321 407 3392 clesiae
454 3324 825 3400 Honorato,
878 3320 1094 3391 literis
1132 3319 1348 3391 fuisse
1395 3320 1817 3400 consultum,
1856 3336 2230 3408 utrumque
2265 3319 2405 3391 illis
2452 3321 2710 3391 adven-

146 3410 490 3490 tantibuS,
542 3430 624 3480 ex
668 3408 978 3480 ecclesiis
1018 3409 1376 3499 Episcopis
1427 3409 1526 3478 vel
1561 3409 1831 3483 clericis
1867 3409 2328 3483 recedendum
2370 3424 2568 3489 esset,
2619 3432 2705 3479 an

145 3520 319 3568 non.
365 3498 577 3585 Eique
626 3498 980 3588 rescriptis
1013 3499 1431 3580 insinuasse,
1484 3498 1649 3585 quid
1706 3498 1928 3587 magis
1956 3499 2044 3569 ab
2092 3498 2229 3569 illis
2276 3499 2709 3570 eversoribus

146 3599 333 3656 esset
385 3586 862 3658 metuendum.
906 3592 1123 3670 Quam
1159 3588 1314 3675 ejus
1351 3587 1711 3675 epistolam
1764 3586 1927 3656 huic
1975 3588 2359 3678 scripturae
2409 3588 2709 3658 inserere

144 3674 365 3746 volui.
427 3681 539 3747 Est
586 3677 773 3747 enim
823 3676 1253 3746 sacerdotum
1311 3676 1419 3746 Dei
1488 3689 1553 3745 et
1621 3676 2095 3747 ministrorum
2153 3676 2465 3746 moribus
2514 3676 2710 3747 valde
2774 3747 2786 3759 ,

145 3763 347 3834 utilis
379 3777 443 3835 et
486 3764 894 3835 necessaria.
948 3770 1086 3836 Isto
1121 3764 1324 3835 modo
1357 3766 1766 3853 rescriptum
1799 3778 1901 3835 est
1948 3765 2033 3835 ad
2086 3766 2408 3835 eumdem
2458 3766 2548 3835 ab
2594 3788 2709 3835 eo-

150 3852 355 3922 dem:
412 3876 447 3920 «
483 3858 729 3924 Sancto
776 3852 969 3923 fratri
1008 3867 1075 3924 et
1120 3854 1526 3945 coepiscopo
1576 3858 1945 3934 Honorato,
1988 3855 2416 3941 Augustinus
2467 3855 2534 3922 in
2589 3859 2709 3924 Do-

153 3940 345 4010 mino
377 3942 695 4012 salutem.
752 3941 1077 4023 charitati
1105 3956 1259 4013 tuae
1297 3944 1507 4013 misso
1539 3942 1852 4034 exemplo
1884 3944 2238 4032 epistolae,
2274 3963 2485 4031 quam
2516 3942 2708 4014 fratri

155 4029 627 4111 Quodvultdeo
670 4046 901 4101 nostro
949 4033 1355 4124 coepiscopo
1411 4031 1694 4121 scripsi,
1750 4033 2078 4121 putabam
2146 4055 2254 4101 me
2323 4032 2449 4101 hoc
2501 4054 2705 4102 onere

154 4118 483 4217 caruisse,
535 4119 719 4277 quod
773 4119 945 4190 mihi
1019 4121 1432 4211 imposuisti,
1486 4120 1883 4207 quaerendo
1931 4121 2347 4201 consilium,
2409 4120 2574 4207 quid
2630 4122 2699 4188 in

154 4205 267 4275 hts
318 4208 550 4297 pericu
583 4209 665 4280 is,
717 4230 896 4296 quae
945 4208 1012 4279 in
1067 4222 1372 4300 tempora
1421 4223 1654 4279 nostra
1703 4222 2059 4291 venerunt,
2115 4210 2337 4280 facere
2365 4209 2701 4280 debeatis.

152 4298 481 4378 Quamvis
535 4298 722 4367 enim
774 4298 1162 4389 epistolam,
1201 4296 1328 4368 etc.
1364 4297 1491 4388 (a).
1519 4320 1555 4364 »

200 4418 267 4473 (a)
294 4422 352 4461 Et
382 4422 487 4462 Sur.
519 4421 568 4462 et
593 4422 808 4464 Bon-nd.
834 4423 1095 4473 Epistol-m
1126 4424 1187 4464 ob
1213 4422 1533 4475 prolixitatem
1562 4419 1806 4469 omittunt.
1830 4432 1952 4474 quae
1982 4426 2057 4464 est
2086 4424 2163 4465 160
2200 4420 2252 4463 in
2270 4421 2393 4465 aerio
2414 4423 2537 4474 apud
2557 4423 2709 4473 opera
