3308 5004
692 307 822 373 570
1177 325 1257 373 nn
1303 326 1396 374 ss.
1448 324 1747 386 cunero,
1799 326 2065 377 Αετιιιο
2108 326 2187 376 ιτ
2231 324 2405 376 socc.
2447 326 2564 374 n.
2619 358 2624 363 .
2818 306 3016 376 Aue.
3066 306 3172 373 83

603 421 904 481 tractans
931 407 1116 500 apud
1152 411 1667 501 memetipsum,
1720 431 1807 481 ne
1850 410 2023 482 forte
2190 463 2210 491 ,
2264 411 2386 499 qui
2418 421 2625 482 notus
2651 430 2809 482 sum
2842 409 3163 492 homini,

599 498 855 569 mittar.
907 502 1082 568 Dum
1141 497 1310 570 haec
1372 519 1643 570 mecum
1694 500 1947 571 tacitus
2011 522 2093 572 vo
2121 520 2347 571 rerem
2381 554 2398 582 ,
2451 499 2701 571 amotis
2761 498 3109 570 omnibus
3145 552 3165 582 ,

595 587 900 658 remansi
946 586 1138 658 solus
1184 587 1253 656 in
1304 587 1631 679 publico:
1683 601 2104 678 vocatusque
2147 610 2190 660 a
2226 588 2488 680 judice,
2528 587 2817 679 propius
2858 587 3163 659 accedo.

599 675 811 764 Cujus
848 677 1167 746 virtutem
1218 689 1426 766 atque
1471 676 1909 768 splendorem
1958 689 2320 761 contuens,
2370 678 2569 768 coepi
2615 676 2827 750 hebes
2862 677 3172 749 effictus

597 764 893 836 titubare
925 787 1089 856 prae
1137 777 1349 836 metu.
1403 771 1482 837 Et
1528 765 1690 836 ille:
1744 773 1838 838 Ne
1883 767 2130 838 timeas
2176 789 2394 858 puer,
2448 766 2722 855 inquit:
2771 765 2894 837 sed
2944 765 3161 846 vade.

598 854 713 925 dic
748 853 1141 944 presbytero
1172 854 1274 925 illi
1305 877 1321 923 ε
1358 855 1525 925 Veni
1553 855 1638 926 ad
1676 855 2228 947 respondendam
2260 876 2541 927 causam
2568 878 2584 920 ε
2615 854 2784 944 quia
2815 853 3167 926 Sidonius

597 953 662 1013 te
690 943 1012 1013 accersiri
1057 943 1145 1014 de
1196 956 1469 1015 recatus
1503 957 1632 1015 est.
1666 949 1768 1016 Tu
1803 966 1958 1016 vero
1998 966 2084 1015 ne
2116 966 2381 1016 moram
2414 943 2631 1016 facias
2655 943 2744 1015 ad
2774 942 3105 1016 eundum
3132 996 3160 1024 ,

593 1032 758 1190 guia
791 1032 925 1102 sub
956 1053 1130 1123 gran
1185 1034 1210 1102 i
1257 1033 1737 1104 testificatione
1766 1033 1937 1104 mibi
1975 1034 2319 1125 praecepit
2348 1038 2490 1104 Rex
2518 1032 2639 1104 ille
2684 1032 2854 1104 baec
2904 1031 3113 1121 loqui
3143 1086 3162 1113 ,

645 1120 883 1190 icens:
940 1122 1009 1192 Si
1058 1121 1382 1204 tacueriS,
1436 1135 1654 1192 morte
1825 1123 2006 1193 sima
2051 1122 2392 1194 morieris.
2445 1126 2628 1193 Haec
2672 1143 2756 1193 eo
2792 1120 3165 1210 loquente,

592 1208 958 1281 exterritus
1006 1210 1387 1301 presbyter,
1420 1209 1658 1302 elapso
1734 1233 1773 1281 e
1806 1233 2022 1282 manu
2049 1211 2292 1294 calice,
2324 1209 2627 1282 reddidit
2671 1210 3036 1302 spiritum,
3077 1231 3167 1280 ac

593 1296 679 1368 de
720 1297 1040 1369 recubitu
1086 1298 1362 1370 ablatus
1409 1312 1751 1382 mortuus,
1803 1300 2203 1392 sepulturae
2264 1299 2634 1372 mandatus
2677 1312 2804 1381 est,
2870 1320 3167 1390 posses-

591 1408 803 1457 surus
853 1386 1201 1458 infernum
1248 1409 1410 1459 cum
1469 1388 1761 1460 satellite
1807 1412 1957 1461 suo.
2011 1389 2169 1460 Tale
2231 1388 2566 1459 ‘udicium
2637 1410 2850 1480 super
2894 1401 3164 1458 contu·

598 1496 832 1546 maces
877 1475 1167 1547 clericos
1225 1477 1559 1549 Dominus
1614 1477 1687 1546 in
1737 1478 1927 1549 hunc
1978 1411 2299 1568 praetulit
2361 1475 2704 1548 mundum
2740 1531 2761 1560 ,
2823 1489 2907 1548 ut
2961 1498 3166 1576 unus

595 1565 773 1634 Arrii
822 1565 1182 1636 sortiretur
1227 1578 1541 1649 mortem,
1592 1566 1800 1649 aliuS,
1854 1579 2207 1656 tamquam
2257 1566 2492 1638 Simon
2548 1570 2786 1657 {tagus
2834 1564 3155 1657 Apostoli

592 1654 815 1724 sancti
863 1655 1192 1737 oratione,
1243 1656 1336 1726 ab
1379 1654 1651 1726 excelsa
1695 1676 1854 1725 arce
1912 1655 2280 1746 superbiae
2341 1676 2667 1746 praeceps
2708 1652 3154 1725 allideretur.

599 1742 727 1821 Qui
759 1764 898 1812 non
929 1742 1385 1834 ambiguntur
1414 1744 1670 1835 pariter
1698 1744 2049 1836 possidere
2075 1758 2432 1828 tartarum,
2465 1744 2590 1833 qui
2613 1742 2827 1815 simul
2850 1754 3163 1835 egerunt

593 1832 911 1920 nequiter
954 1843 1194 1902 contra
1221 1846 1539 1903 sanctum
1582 1833 2000 1923 Episcopum
2032 1856 2266 1904 suum.

680 1922 719 2008 ὅ
761 1926 861 1992 Β.
916 1924 1180 1990 Interea
1224 1942 1387 1990 cum
1428 1923 1574 2011 jam
1625 1926 2045 1992 Francorum
2083 1937 2298 1993 terror
2344 1931 2693 1992 resonaret
2727 1921 2799 1991 in
2834 1919 2955 1992 bis
2987 1942 3156 2011 par-

592 2008 803 2089 tibus»,
837 2020 906 2078 et
935 2029 1177 2079 omnes
1222 2031 1340 2080 eos
1367 2031 1600 2080 amore
1637 2008 2080 2081 desiderabili
2118 2023 2449 2102 cuperent
2477 2030 2803 2101 regnare:
2857 2022 3157 2079 sanctus

591 2095 1059 2187 Aprunculus,
1114 2097 1526 2188 Lingonicae
1572 2098 1869 2170 civitatis
1916 2100 2162 2189 Episco
2210 2116 2320 2181 us',
2371 2098 2558 2190 apud
2607 2097 3155 2190 Burgundiones

590 2186 815 2276 coepit
843 2186 1082 2258 baberi
1114 2197 1505 2346 suspectus.
1544 2192 1852 2275 Cumque
1891 2188 2128 2258 odium
2205 2211 2243 2259 e
2272 2187 2386 2259 die
2432 2188 2504 2258 in
2542 2187 2725 2258 diem
2774 2193 3150 2268 cresceret.

582 2276 865 2365 jussum
914 2287 1040 2357 est,
1077 2287 1156 2346 ut
1200 2296 1240 2345 c
1268 2298 1380 2347 am
1430 2276 1665 2378 gladio
1711 2275 2050 2347 feriretur.
2103 2281 2253 2360 Quo
2298 2276 2382 2346 ad
2432 2298 2593 2348 eum
2644 2274 2909 2367 perlato
2960 2295 3153 2347 nun-

588 2364 720 2445 cio,
783 2376 983 2434 nocte
1027 2386 1070 2434 a
1114 2378 1341 2436 castro
1386 2366 1782 2436 Divionensi
1838 2387 1961 2455 per
2007 2388 2288 2437 murum
2351 2364 2701 2435 demissus
2728 2418 2748 2447 ‚
2797 2368 3153 2436 Arvernos

586 2453 887 2535 advenit,
930 2453 1180 2614 ibissue·
1189 2455 1390 2546 juxta
1440 2454 1725 2526 verbnm
1778 2454 2075 2538 Domini,
2126 2453 2312 2545 quod
2353 2454 2585 2546 posuit
2628 2454 2699 2526 in
2748 2474 2870 2526 ore
2914 2455 3152 2527 sancti

577 2542 876 2625 Sidonii,
931 2566 1025 2614 un
1081 2565 1350 2614 ecimus
1382 2543 1588 2615 datur
1626 2543 2035 2635 Episcopus.

649 2876 1273 2980 MARTYRlUM
1340 2876 1978 2991 SS.CLAUD11‚
2031 2875 2434 2980 ASTERH
2505 2876 2628 2978 ET
2694 2870 3070 2979 NEONlS

863 3112 1339 3206 ITEMQUE
1394 3114 1934 3196 DoNvan
2001 3113 2135 3195 ET
2190 3113 2857 3196 THEONILLAE

758 3367 836 3414 ΒΧ
882 3366 988 3414 ES-
1056 3365 1278 3416 comcs
1304 3398 1322 3428 ‚
1387 3365 1495 3415 cul
1542 3366 1825 3415 urusn
1889 3366 2375 3416 {ammomum
2431 3366 2960 3417 ansru’umrun

1101 3474 1217 3522 Pan
1262 3475 1321 3521 L.
1372 3472 1613 3522 smum!
1661 3473 1912 3523 uuum
1959 3474 2149 3524 s‘rYLo
2195 3470 2586 3523 nnscmp'run

1215 3668 1414 3728 Pessi
1452 3684 1631 3728 anno
1674 3672 1795 3728 285
1835 3699 1915 3712 —
1955 3666 2186 3727 Patria,
2222 3664 2487 3730 (finces.

667 3873 705 3957 ξ
753 3877 831 3944 1.
883 3871 1118 3960 Lysias
1168 3877 1448 3943 Praeses
1494 3871 1764 3961 Lyciae,
1821 3869 2009 3960 apud
2056 3876 2344 3960 Aegeam
2399 3869 2643 3940 urbem
2690 3869 2949 3942 sedens
3018 3896 3149 3964 pro

582 3958 937 4040 tribunali,
993 3959 1200 4030 dixit:
1255 3960 1645 4030 offerantur
1689 3957 1995 4029 examini
2062 3979 2213 4029 meo
2272 3957 2690 4041 Christiani,
2739 3959 2867 4047 qui
2914 3959 3149 4050 hujns

581 4048 785 4120 Urbis
812 4048 1248 4139 magistratui
1282 4048 1516 4118 traditi
1547 4061 1711 4119 sunt
1737 4047 1826 4118 ab
1852 4046 2112 4118 Officio.
2142 4046 2454 4118 Eulalius
2478 4048 3151 4124 commentariensis

577 4135 798 4207 dixit:
849 4137 1050 4208 Juxta
1098 4148 1543 4229 praeceptum
1594 4149 1797 4208 tuum
1846 4134 2150 4217 domine,
2189 4157 2366 4225 quos
2412 4135 2627 4227 hujus
2661 4135 2863 4207 urhis
2903 4141 3151 4231 magi·

579 4237 834 4295 stratus
866 4225 1452 4315 comprehendere
1485 4225 1741 4316 potuit,
1799 4224 2246 4304 Christianos,
2283 4224 2481 4295 offert
2528 4238 2662 4294 tres
2694 4245 2956 4315 pueros
2998 4228 3147 4299 fra·

580 4323 762 4391 tres,
828 4326 895 4384 et
937 4313 1115 4386 duas
1166 4313 1505 4385 foeminas
1565 4335 1728 4385 cum
1787 4313 2152 4384 infantulo.
2224 4317 2319 4383 Ex
2376 4312 2463 4381 iis
2522 4333 2708 4382 unus
2773 4312 3011 4387 adstat
3066 4319 3144 4388 in

577 4414 953 4490 conspectu
996 4400 1360 4499 claritatis⁴
1391 4414 1568 4472 tuae.
1624 4402 1886 4490 Ecquid
1937 4402 2025 4472 de
2076 4422 2157 4472 eo
2204 4400 2537 4493 praecipit
2582 4399 2916 4473 nobilitas
2959 4409 3145 4477 tua?
