3308 5004
178 295 330 386 Ano.
370 297 405 363 5
849 313 928 364 mi
974 313 1031 366 s.
1084 311 1388 380 oswuno
1436 311 1707 362 Anauon.
1763 313 1930 364 nnc:
2444 297 2568 364 ⁴74

177 399 237 468 in
259 419 435 485 aquas
480 396 816 482 miserint,
860 397 1097 486 eisque
1132 396 1537 488 languentes
1571 397 1889 469 homines
1935 421 2016 468 ac
2053 397 2352 489 pecudes
2387 414 2664 489 potave-

180 487 311 570 rint„
346 486 471 556 sive
507 485 970 576 asperserint,
1043 508 1199 557 mox
1255 486 1529 556 sanitati
1582 486 2065 559 restituuntur.
2123 493 2411 558 Vocatur
2468 487 2663 559 locus

173 573 265 643 ille
300 574 519 666 lingua
546 574 923 665 anglorum
967 573 1359 646 Heoi'onseld
1397 575 1455 658 ξ
1501 575 1684 663 quod
1736 575 1874 645 dici
1932 589 2149 666 potest
2206 577 2464 657 Latine,
2505 598 2662 646 coe·

168 662 320 734 lestis
346 687 646 754 campus:
693 662 1104 751 quod-certo
1151 663 1390 751 utique
1428 664 1783 754 praesagio
1829 663 2220 735 futurorum
2274 665 2664 753 antiquitus

166 773 367 826 nomen
414 753 716 843 accepit:
778 752 1182 845 significans
1235 753 1593 832 nimirum,
1654 753 1838 840 quod
1888 753 2176 826 coeleste
2223 755 2477 825 ibidem
2530 754 2659 824 eri·

169 841 417 928 gendum
466 841 899 932 trophaeum,
937 841 1251 912 coelestis
1283 840 1672 912 inchoanda
1716 842 2021 925 victoria,
2073 842 2392 915 coelestia
2439 864 2659 932 usque

170 927 326 1000 hodie
355 929 569 1000 forent
617 929 955 1002 miracula
1002 929 1439 1001 celebranda.

230 1021 258 1104 ξ
301 1024 380 1089 2.
430 1025 547 1089 Est
592 1033 821 1090 autem
871 1019 1069 1090 locus
1112 1018 1230 1089 ille
1266 1020 1464 1110 juxta
1503 1041 1781 1089 murum
1837 1017 2032 1089 illum
2085 1019 2171 1090 ad
2223 1019 2651 1107 Aquilonem,

167 1126 268 1191 quo
306 1107 590 1177 Romani
622 1108 970 1196 quondam
1025 1110 1113 1178 ob
1161 1108 1496 1178 arcendos
1544 1108 2001 1178 Barbarorum
2054 1108 2378 1199 impetus,
2449 1122 2654 1177 totam

161 1215 190 1263 a
220 1197 362 1266 mari
403 1219 624 1284 usque
669 1195 757 1266 ad
808 1219 995 1268 mare
1044 1197 1479 1287 praecinxere
1529 1197 1980 1267 Britanniam.
2020 1202 2097 1267 In
2157 1219 2293 1285 quo
2345 1196 2660 1267 videlicet

162 1281 277 1353 loco
304 1285 867 1357 consuetudinem
903 1284 1119 1356 multo
1142 1286 1288 1375 jam
1328 1300 1628 1375 tempore
1663 1285 1972 1355 fecerunt
2011 1285 2252 1358 fratres
2293 1284 2658 1385 Hagustal-

159 1369 353 1444 densis
385 1374 739 1456 ecclesiae,
791 1396 969 1462 quae
1004 1396 1137 1443 non
1190 1374 1394 1464 longe
1441 1376 1672 1454 abest,
1734 1374 2173 1446 advenientes
2235 1396 2423 1444 omni
2473 1396 2663 1444 anno

164 1460 367 1549 pridie,
417 1485 628 1550 quam
681 1477 911 1555 postea
959 1462 1138 1532 idem
1180 1465 1312 1533 Rex
1344 1463 1703 1533 Oswaldus
1735 1463 2007 1534 occisus
2048 1478 2173 1544 est,
2215 1464 2487 1552 vigilias
2538 1485 2660 1552 pro

157 1548 337 1619 salute
385 1552 676 1621 animaev
707 1552 857 1642 ejus
907 1551 1128 1623 facere
1158 1607 1174 1633 ,
1232 1550 1669 1642 plurimaque
1742 1551 2167 1640 psalmorum
2227 1551 2434 1621 laude
2481 1552 2658 1621 cele·

159 1634 336 1721 brata,
367 1640 715 1711 victimam
757 1663 876 1731 pro
914 1663 994 1711 eo
1044 1663 1245 1711 mane
1292 1663 1527 1710 sacrae
1557 1640 1928 1731 oblationis
1967 1641 2232 1711 offerre.
2289 1641 2417 1726 Qui
2450 1642 2660 1714 etiam

156 1741 457 1799 crescente
508 1730 691 1801 bona
736 1729 1277 1810 consuetudine,
1334 1751 1557 1817 nuper
1615 1728 1870 1799 ibidem
1910 1727 2198 1800 ecclesia
2262 1742 2660 1799 constructa

155 1825 319 1901 atque
347 1817 683 1896 dedicata.
736 1819 1171 1889 sacratiorem
1223 1831 1287 1887 et
1319 1819 1590 1888 cunctis
1626 1817 2200 1888 honorabiliorem
2247 1817 2472 1888 locum
2510 1839 2661 1886 om-

154 1901 327 1978 nibus
369 1906 612 1978 fecere.
653 1912 781 1978 Nec
830 1905 1211 1977 immerito:
1256 1906 1418 1992 quia
1473 1905 1770 1987 nullum,
1812 1921 1885 1975 ut
1933 1906 2429 1997 comperimuS,
2498 1905 2662 1976 fidei

152 1990 544 2066 Christianae
576 1996 882 2087 signum,
928 1995 1120 2065 nulla
1153 1995 1465 2074 ecclesia,
1530 1994 1802 2065 nullum
1865 1996 2075 2066 altare
2124 1996 2193 2066 in
2233 2010 2366 2065 tota
2417 1996 2662 2065 Berni-

148 2080 374 2152 ciorum
407 2099 610 2175 gente
638 2098 937 2155 erectum
968 2098 1111 2166 ,es-t,
1151 2084 1558 2173 priusquam
1610 2085 1738 2153 hoc
1771 2106 2004 2154 sacrae
2054 2085 2289 2176 Crucis
2330 2083 2656 2154 vexillum

149 2187 337 2266 novus
385 2172 672 2243 militiae
720 2173 1024 2254 eductor,
1078 2172 1377 2243 dictante
1442 2171 1601 2242 fidei
1651 2174 2030 2254 devotione,
2094 2187 2332 2244 contra
2397 2173 2659 2244 hostem

149 2261 701 2334 immanissimum
748 2276 1210 2353 pugnaturus,
1266 2259 1612 2332 statu'eret.

216 2348 365 2435 §t
417 2356 551 2423 Nec
599 2351 687 2422 ab
743 2374 812 2420 re
866 2365 967 2420 est
1007 2373 1225 2421 unum
1271 2373 1307 2419 e
1360 2350 1935 2441 pluribus‚,quae
1986 2350 2071 2418 ad
2135 2350 2313 2420 hanc
2373 2354 2657 2421 Crucem

151 2449 377 2523 patrata
428 2453 634 2522 sunt,
707 2439 979 2512 virtutis
1029 2436 1445 2510 miraculum
1505 2461 1808 2509 narrare.
1882 2439 2174 2523 Quidam
2241 2462 2278 2510 e
2326 2439 2660 2510 fratribus

144 2524 419 2613 ejusdem
472 2527 1039 2618 Hagustaldensis
1089 2528 1441 2611 ecclesiae,
1497 2530 1776 2599 nomine
1839 2528 2260 2609 Bothelmus,
2300 2530 2420 2615 qui
2473 2550 2660 2599 nunc

144 2630 448 2710 superest,
505 2631 661 2688 ante
693 2640 949 2708 paucos
979 2640 1223 2698 annoS‚
1265 2617 1433 2688 dum
1488 2618 1809 2688 incautus
1851 2617 2017 2688 forte
2073 2632 2278 2689 noctu
2329 2619 2398 2685 in
2438 2616 2659 2707 glacie

142 2704 505 2787 incederet,
563 2721 836 2795 repente
882 2729 1259 2787 corruenS,
1308 2706 1671 2777 brachium
1725 2706 2066 2785 contrivit,
2117 2727 2197 2775 ac
2249 2706 2661 2797 gravissima

144 2786 449 2865 fracturae
496 2795 717 2885 ipsius
754 2796 978 2886 coepit
1019 2795 1331 2867 molestia
1370 2794 1667 2885 fatigari,
1710 2795 1798 2865 ita
1840 2808 1915 2865 ut
1947 2817 2070 2864 nec
2118 2795 2205 2864 ad
2253 2817 2330 2863 os
2376 2794 2658 2882 quidem

141 2876 450 2953 adducere
486 2883 714 2974 ipsum
780 2884 1137 2955 brachium
1180 2884 1555 2966 ullatenuS,
1608 2884 1842 2955 dolore
1876 2897 2168 2962 arcente,
2222 2882 2494 2953 valeret.
2530 2882 2660 2966 Qui

143 2988 271 3039 cum
308 2970 418 3042 die
448 2970 753 3059 quadam
793 2992 991 3045 manc
1022 2973 1317 3051 audiret.
1353 2995 1574 3043 unum
1611 2973 1697 3043 de
1748 2972 2079 3043 fratribus
2111 2971 2198 3042 ad
2233 2972 2460 3043 locum
2500 2994 2662 3041 san-

141 3069 258 3128 ctae
289 3063 528 3132 Crucis
574 3061 942 3131 ascendere
998 3061 1449 3152 disposuisse,
1499 3062 1764 3151 rogavit
1793 3075 1868 3131 ut
1898 3062 2200 3149 aliquam
2236 3061 2368 3133 sibi
2401 3074 2659 3151 partem

144 3141 206 3212 de
245 3147 361 3218 illo
394 3149 589 3241 ligno
626 3150 997 3221 venerabili
1047 3150 1319 3221 rediens
1364 3151 1681 3222 afferret:
1743 3149 2018 3221 credere
2067 3172 2139 3221 se
2178 3150 2442 3229 dicens,
2495 3149 2662 3236 quia

144 3253 236 3318 per
280 3237 430 3319 hoc,
490 3237 792 3308 donante
841 3240 1151 3320 Domino,
1204 3239 1493 3309 salutem
1548 3251 1775 3329 posset
1819 3239 2174 3326 consequi.
2229 3239 2408 3309 Fecit
2442 3237 2556 3307 ille
2586 3250 2666 3307 ut

146 3339 391 3413 rogatus
438 3341 566 3408 est,
620 3340 687 3398 et
736 3349 1045 3398 reversus
1093 3327 1180 3398 ad
1241 3350 1632 3417 vesperam.
1687 3328 2090 3398 sedentibus
2128 3327 2277 3415 jam
2329 3326 2412 3396 ad
2471 3349 2662 3395 men-

144 3430 257 3507 sam
304 3415 662 3497 fratribus,
716 3416 964 3486 obtulit
1000 3417 1062 3487 ei
1101 3415 1366 3504 aliquid
1403 3416 1488 3485 de
1537 3416 1743 3485 veteri
1776 3439 2037 3500 musco,
2083 3438 2220 3504 quo
2261 3415 2664 3505 superficies

149 3495 278 3589 ligni
338 3518 489 3574 erat
548 3503 795 3576 obsita.
851 3506 980 3590 Qui
1028 3528 1186 3575 cum
1237 3505 1485 3575 sedens
1536 3505 1617 3573 ad
1690 3527 1996 3575 mensam
2053 3527 2185 3574 non
2243 3505 2524 3575 haberet
2572 3503 2659 3573 ad

150 3606 420 3674 manum,
464 3593 584 3663 ubi
633 3594 939 3665 oblatum
990 3594 1123 3664 sibi
1167 3616 1423 3664 munus
1458 3607 1838 3683 reponeret.
1897 3594 2085 3664 misit
2127 3596 2254 3663 hoc
2305 3594 2373 3662 in
2427 3595 2662 3663 sinum

154 3694 338 3749 suum.
397 3687 477 3751 Et
525 3683 693 3752 dum
749 3682 875 3752 iret
914 3683 1226 3754 cubitum
1256 3738 1271 3765 ,
1326 3682 1584 3771 oblitus
1631 3682 1763 3752 hoc
1810 3681 2070 3752 alic'ubi
2105 3683 2470 3772 deponere,
2514 3704 2664 3772 per·

157 3765 296 3863 misit
342 3793 477 3842 suo
529 3771 596 3840 in
637 3770 798 3840 sinu
836 3794 1257 3861 permanere.
1304 3775 1379 3842 At
1429 3770 1656 3841 medio
1706 3771 1925 3841 unctis
1969 3785 2273 3861 tempore
2320 3792 2480 3840 cum
2522 3771 2662 3838 evi-

158 3852 371 3940 gilaret,
428 3860 646 3931 sensit
693 3861 923 3931 nescio
956 3860 1123 3947 quid
1175 3859 1410 3951 frigidi
1466 3882 1591 3931 suo
1632 3859 1825 3930 lateri
1864 3858 2204 3947 adjacere.
2245 3858 2664 3945 Admotaque

160 3959 323 4018 manu
354 3948 772 4036 requirendo
818 3948 983 4036 quid
1015 3962 1213 4031 esset,
1252 3950 1345 4018 ita
1378 3971 1629 4018 sanum
1684 3949 2045 4018 brachium
2100 3968 2523 4034 manumque
2560 3968 2664 4016 re-

163 4034 303 4113 posit.
359 4060 441 4106 ac
486 4038 542 4108 si
577 4036 670 4106 nil
710 4061 1017 4126 unquam
1076 4039 1243 4108 tanti
1283 4036 1643 4128 languoris
1694 4037 2076 4107 habuisset.

218 4120 243 4206 ξ
278 4130 355 4199 Ι.
402 4126 598 4197 Idem
634 4149 796 4217 ergo
819 4126 1178 4198 Oswaldus
1222 4148 1375 4195 mox
1415 4127 1530 4196 ubi
1568 4148 1861 4216 regnum
1897 4125 2226 4215 suscepit.
2255 4122 2662 4194 desiderans

165 4211 340 4294 lotam,
364 4216 495 4284 cui
531 4236 843 4304 praeesse
880 4217 1125 4306 coepit,
1179 4228 1453 4304 gentem
1488 4214 1649 4285 fidei
1691 4215 2115 4285 Christianae
2147 4213 2368 4304 gratia
2407 4214 2653 4294 imbui,

164 4296 309 4383 Cuius
378 4304 854 4395 experimenta
938 4303 1363 4395 permaxima
1435 4304 1505 4373 in
1587 4302 2072 4395 expugnandis
2143 4301 2455 4374 barbaris
2517 4302 2666 4391 jam

200 4420 220 4445 '
238 4424 477 4476 Hodierno,
497 4431 547 4471 ni
566 4430 787 4478 unimur,
815 4428 1051 4479 idiomate,
1068 4431 1338 4481 tianensem·-
