3308 5004
214 365 391 433 ΔΗΕ.
447 365 527 432 ⁴3
2524 368 2649 436 297

494 570 682 672 -DE
752 571 988 674 VITA
1053 571 1135 673 S.
1207 569 1868 675 RADEGUNDlS
1938 571 2387 674 REGINAE

1250 782 1477 877 uam
1525 809 1691 878 nuo

207 1021 456 1080 woltun
500 1022 777 1072 Pmoun!
824 1020 1107 1073 sentrsrr
1143 1023 1557 1073 rommuws
1594 1023 1968 1074 Brtsoows:
2024 1023 2452 1074 Posumoltnt
2496 1023 2739 1074 »Artho-

282 1130 439 1178 unu
483 1130 601 1177 vm.
645 1128 1013 1180 umbonum
1057 1132 1140 1179 An
1185 1130 1578 1180 Annntssu
1624 1132 1957 1192 monum,
1995 1129 2312 1181 suranus
2349 1132 2454 1191 BA,
2491 1130 2663 1188 QUAE
2691 1132 2736 1179 Α

283 1236 652 1287 ronwmm
698 1237 904 1286 ssnAm·
943 1238 1444 1288 munantsslt:
1488 1238 1681 1288 cums
1721 1238 2125 1288 Posrssmoms
2164 1237 2427 1297 summ,
2470 1238 2578 1286 um
2623 1234 2738 1287 EX-

283 1345 508 1394 ramim
555 1344 746 1393 vlsux
791 1345 962 1406 FUIT,
1013 1344 1320 1395 normula
1364 1347 1662 1395 ammtvrr
1710 1347 1897 1397 uult.
1934 1346 2186 1401 suiuus·
2230 1346 2377 1394 run·
2408 1345 2620 1394 numu
2651 1347 2735 1395 BA

283 1452 651 1502 Bambotum
697 1454 752 1501 S.
807 1452 1204 1502 ammonius
1250 1454 1585 1514 Altonum,
1637 1452 1717 1501 ΕΤ
1763 1451 2146 1503 ΙΟΝΑΕΤΙΒΠ
2192 1453 2343 1502 tuus
2389 1453 2735 1503 sancum-

278 1554 515 1604 nutus.

864 1697 1054 1756 Obiit
1094 1712 1273 1756 anno
1314 1699 1434 1756 587
1472 1726 1550 1741 —
1589 1699 1646 1755 Ε
1689 1698 2070 1759 Germania.

277 1885 636 1953 Pnomcus.
690 1879 1167 1971 Redemptoris
1216 1880 1428 1951 nostri
1483 1892 1746 1952 tantum
1787 1880 1978 1952 dives
2024 1892 2127 1952 est
2174 1878 2478 1973 largitas,
2534 1895 2610 1956 ut
2660 1885 2730 1955 in

200 1990 357 2041 scxu
406 1968 733 2041 muliebri
795 1970 1090 2041 celebret
1149 1968 1353 2040 fortes
1401 1969 1763 2052 victoriaS,
1816 1982 1882 2040 et
1945 1992 2230 2062 corpore
2296 1970 2727 2064 fragiliores,

201 2058 380 2149 ipsas
430 2058 673 2129 reddat
735 2058 1073 2130 foeminas
1144 2059 1393 2129 virtute
1450 2058 1703 2129 mentis
1762 2058 2059 2149 inclytae
2119 2058 2477 2151 gloriosas.
2544 2066 2731 2146 Quas

199 2147 524 2218 habentes
572 2147 919 2219 nascendo
967 2146 1353 2230 mollitiem,
1405 2146 1569 2218 facit
1614 2147 1925 2221 Christus
1957 2149 2277 2221 robustas
2314 2170 2395 2219 ex
2429 2149 2609 2220 fide:
2652 2165 2734 2224 ut

195 2258 361 2394 auae
411 2236 732 2308 videntur
779 2235 1184 2319 imbecilleS‚
1239 2235 1408 2306 dum
1458 2249 1880 2306 coronantur
1924 2259 2005 2308 ex
2053 2236 2340 2320 meritis,
2376 2260 2415 2307 a
2461 2260 2600 2327 quo
2628 2239 2733 2311 ef-

242 2326 526 2397 ciuntur
557 2325 786 2408 sorteS,
834 2323 1108 2396 laudem
1159 2325 1268 2396 sui
1302 2324 1663 2396 cumulent
1695 2325 2051 2406 creatoris,
2091 2325 2411 2397 habendo
2449 2328 2516 2398 in
2552 2329 2735 2401 vasis

195 2412 524 2486 fictilibus
573 2415 930 2485 thesauros
974 2413 1147 2485 coeli
1199 2413 1607 2484 reconditos,
1661 2419 1738 2484 In
1789 2436 2086 2502 quarum
2140 2415 2519 2487 visceribus
2564 2439 2727 2487 cum

196 2504 333 2574 suis
363 2504 629 2576 divitiis
670 2505 815 2596 ipse
851 2509 988 2574 Rex
1022 2504 1457 2575 habitaturus
1485 2517 1587 2576 est
1620 2505 1957 2577 Christus.
1996 2509 2183 2589 Quae
2234 2506 2729 2579 mortificantes

194 2613 262 2662 se
307 2593 564 2674 seculo,
618 2592 937 2685 despecto
989 2605 1203 2663 terrae
1248 2591 1615 2674 consortio,
1669 2593 2015 2665 defaecato
2064 2592 2308 2665 mundi
2355 2595 2676 2688 contagio
2709 2652 2725 2678 ‚

197 2701 323 2752 non
369 2681 800 2754 confidentes
848 2682 917 2751 in
968 2682 1263 2764 lubrice,
1301 2703 1433 2752 non
1485 2694 1745 2753 stantes
1795 2683 1870 2775 ,in
1921 2683 2148 2774 lapsu,
2192 2696 2599 2770 quaerentes
2632 2685 2731 2754 vi·

191 2791 333 2841 vere
363 2777 521 2850 Deo,
560 2771 643 2841 ad
678 2771 968 2863 gloriam
1005 2771 1481 2874 Redemptoris
1513 2785 1676 2843 sunt
1707 2771 2069 2863 copulatae
2102 2771 2445 2864 paradiso.
2481 2778 2559 2843 In
2595 2794 2734 2861 quo

195 2872 286 2930 est
332 2861 593 2951 pariter
640 2881 955 2941 numero,
999 2861 1201 2951 cujus
1233 2873 1409 2931 vitae
1447 2861 1828 2951 praesentis
1867 2883 2176 2941 cursum,
2223 2859 2381 2931 licet
2414 2883 2733 2933 sermone

196 2948 450 3036 privato
481 3004 497 3031 ‚
561 2947 741 3019 ferre
787 2949 1205 3019 tentavimus
1260 2950 1328 3018 in
1390 2947 1799 3040 publicum:
1853 2962 1928 3020 ut
1976 2950 2183 3039 cujus
2230 2962 2333 3021 est
2395 2951 2531 3020 vita
2570 2973 2731 3022 cum

196 3036 451 3109 Christo
489 3038 557 3107 in
593 3037 838 3129 gloria,
879 3039 1211 3109 memoria
1242 3037 1452 3109 relata
1486 3038 1871 3109 celebretur
1904 3038 1973 3107 in
2017 3037 2303 3109 mundo,

273 3131 464 3198 Lmen
514 3131 568 3196 Ι.
621 3131 658 3216 ξ
706 3134 781 3199 1.
834 3127 1238 3197 Beatissima
1284 3127 1497 3218 igitur
1551 3127 2019 3219 Radegundi3‚
2079 3127 2354 3198 natione
2396 3128 2729 3212 barbara,

196 3211 270 3282 de
312 3217 592 3308 regione
647 3215 975 3306 Turingia
1002 3268 1023 3295 ,
1077 3237 1204 3286 avo
1242 3221 1424 3304 Rege
1477 3217 1785 3298 Bassino‚
1841 3230 2087 3308 patruo
2126 3216 2637 3287 Herminefrido
2668 3218 2726 3300 ⁴⁸,

198 3315 373 3390 patre
428 3327 592 3396 rege
655 3304 1063 3375 Berchario:
1115 3327 1254 3392 quo
1301 3304 1739 3376 altitudinem
1791 3305 2008 3376 seculi
2069 3305 2286 3398 tangit
2336 3308 2597 3396 Regina
2645 3307 2733 3378 de

200 3393 515 3479 germine,
569 3392 750 3465 celsa
800 3392 957 3463 licet
1002 3393 1292 3485 origine,
1348 3393 1645 3464 multum
1696 3395 1943 3465 celsior
1988 3395 2278 3465 actione.
2332 3400 2520 3478 Quae
2565 3418 2730 3468 cum

201 3481 329 3552 suis
378 3483 783 3573 parentibus
816 3482 1004 3552 brevi
1050 3503 1499 3553 commanens
1550 3495 1877 3573 tempore,
1923 3494 2325 3572 tempestate
2364 3484 2727 3556 barbarica

203 3568 600 3641 Francorum
651 3571 934 3641 victoria
967 3572 1246 3662 regione
1281 3583 1559 3652 vastata,
1608 3572 1752 3642 vice
1785 3571 2162 3643 Israelitica
2188 3573 2326 3642 exit
2364 3584 2429 3644 et
2471 3575 2728 3664 migrat

204 3653 275 3724 de
315 3661 557 3748 patria.
612 3666 802 3729 Tunc
851 3660 1030 3729 inter
1077 3661 1387 3741 victores,
1439 3661 1644 3750 cujus
1677 3674 1856 3733 esset
1886 3660 2139 3763 praeda
2173 3661 2426 3753 regalis
2463 3662 2717 3752 puella,

204 3741 648 3844 fitcontentio
695 3748 781 3818 de
818 3748 1133 3839 captiva:
1186 3762 1253 3820 et
1301 3749 1435 3820 nisi
1484 3749 1754 3820 reddita
1815 3749 2057 3820 fuisset
2106 3762 2450 3821 transacto
2498 3763 2724 3821 certa-

207 3851 410 3920 mine,
463 3839 535 3907 in
600 3859 672 3907 se
739 3842 831 3907 Re
880 3858 954 3907 es
1017 3860 1211 3909 arma
1261 3838 1656 3910 movissent.
1732 3843 1919 3922 Quae
1992 3838 2270 3909 veniens
2328 3839 2396 3908 in
2465 3852 2721 3909 sortem

207 3926 511 4019 praecelsi
564 3926 767 4017 Regis
813 3931 856 3995 C
888 3928 1129 4008 otarii,
1185 3929 1253 3998 in
1307 3927 1964 3999 viromanduensem
2014 3927 2224 3998 ducta
2257 3983 2272 4009 ,
2326 3928 2598 4019 Athejas
2654 3927 2725 3996 in

206 4009 344 4082 villa
373 4016 561 4107 regia
593 4015 943 4086 nutriendi
991 4019 1202 4087 causa
1247 4016 1653 4088 custodibus
1700 4027 1803 4087 est
1848 4016 2197 4107 deputata.
2250 4017 2510 4094 Puella.
2563 4015 2727 4087 data

203 4093 537 4197 laboribus
569 4105 690 4192 qui
723 4105 1144 4176 conveniunt
1178 4106 1367 4177 sexui
1401 4106 1580 4176 inter
1627 4127 1833 4195 opera
1885 4105 2144 4192 reliqua
2187 4105 2262 4175 fit
2290 4127 2370 4175 ex
2403 4105 2724 4176 barbaris

201 4183 473 4276 lucrata,
528 4193 917 4282 frequenter
959 4193 1248 4282 loquens
1291 4217 1448 4264 cum
1494 4193 1828 4286 parvuliS‚
1882 4195 1940 4264 si
1981 4193 2320 4264 conferret
2358 4216 2508 4264 sors
2556 4206 2732 4265 tem-

199 4280 396 4364 poris,
451 4295 709 4372 martyr
756 4283 905 4354 fieri
935 4285 1252 4374 cupiens.
1305 4283 1667 4355 Indicabat
1699 4283 2100 4353 adolescens
2131 4283 2453 4372 jamtunc
2486 4284 2732 4354 merita

200 4372 576 4454 senectutis⁹
613 4372 934 4443 obtinens
983 4395 1107 4465 pro
1158 4385 1349 4465 parte
1394 4372 1580 4460 quod
1632 4372 1849 4463 petiit.
1899 4372 2198 4460 Denique
2245 4371 2414 4443 dum
2449 4384 2628 4443 esset
2658 4373 2729 4443 in

258 4490 468 4538 ‘neuun
491 4499 842 4542 Hemcnnodo.
