3308 5004
609 288 741 355 428
1185 305 1263 351 na
1310 305 1366 352 s.
1423 304 1791 352 ramatum
1839 304 2080 352 Annam
2125 303 2402 352 stunt.
2753 284 2937 352 AUG.
2989 285 3093 351 20

526 410 661 462 non
696 388 1104 460 dubitarunt
1139 410 1221 458 ex
1251 388 1540 458 ecclesia
1598 387 1974 464 extrahere.
2030 387 2156 489 Sed
2215 388 2429 459 ultrix
2470 408 2720 458 manus
2782 409 3093 489 praepo-

527 479 732 549 tentis
779 478 920 557 Dei,
976 499 1109 547 non
1162 499 1365 568 passa
1418 490 1520 547 est
1581 477 1869 567 impune
1926 476 1991 545 id
2035 477 2246 547 abire.
2305 481 2494 547 Unus
2541 477 2728 547 enim
2785 497 2866 546 ex
2911 498 3020 548 ets
3065 530 3085 552 .

525 567 843 639 fulminis
887 567 1033 636 ictu
1078 566 1357 648 interiit,
1403 565 1583 636 alius
1633 566 1852 636 instar
1897 565 2072 636 Arrii
2121 565 2189 635 in
2256 565 2770 654 sterquilinium
2810 565 3094 636 viscera

525 657 789 738 effudit,
836 654 980 724 indi
1038 676 1335 742 namque
1381 655 1589 725 vitam
1625 653 1840 746 digna
1890 665 2106 725 morte
2145 654 2389 724 finivit.
2427 659 2615 738 Quae
2646 675 2756 723 res
2788 653 3095 727 caeteris

529 758 785 816 metum
838 678 1086 825 attufit,
1132 744 1226 816 ita
1260 756 1338 814 ut
1383 744 1653 814 veniam
1717 744 1803 814 ab
1849 742 1971 813 illo
2019 755 2346 834 petentes
2390 743 2461 813 in
2516 743 2888 835 pristinum
2953 742 3094 811 ho-

529 835 718 905 noris
755 834 1047 925 gradum
1096 854 1254 902 eum
1309 843 1727 914 revocarent,
1770 843 1837 902 et
1866 831 2195 922 deinceps
2242 843 2560 903 amanter
2592 832 2651 902 ei
2687 831 3089 901 obedirent.

615 925 652 1010 ξ
698 928 793 995 fl.
848 921 975 993 Sed
1016 922 1181 1008 quia
1230 919 1507 1008 perfecti
1535 921 1665 990 viri
1706 942 1980 1007 semper
2011 920 2096 990 ad
2149 920 2435 991 meliora
2481 920 2933 999 contendunt,
2968 941 3094 989 sa-

526 1012 765 1082 cerdos
822 1009 1068 1082 Christi
1118 1022 1513 1080 sanctorum
1575 1009 1895 1080 lustravit
1966 1011 2338 1092 coenobia,
2408 1022 2487 1080 ut
2533 1022 2762 1101 posset
2808 1007 3092 1096 aliquid

527 1101 809 1172 haurire
853 1098 1299 1170 emolumenti
1333 1121 1414 1168 ex
1447 1097 1724 1169 illorum
1759 1112 2114 1189 perspecta
2146 1098 2525 1169 sanctitate.
2564 1103 2800 1185 Itaque
2848 1097 3094 1169 invisit

526 1190 969 1269 Luxoviense,
1022 1188 1374 1266 Bobiense,
1412 1200 1477 1257 et
1523 1187 1660 1257 alia
1711 1192 1776 1257 S.
1818 1187 2225 1258 Columbani
2277 1188 2668 1259 institutum
2719 1186 3092 1277 complexa

529 1278 986 1350 monasteria:
1042 1299 1166 1347 nec
1211 1298 1291 1346 ea
1324 1276 1705 1354 dumtaxat,
1745 1276 1861 1346 sed
1897 1298 2380 1364 quaecumque
2427 1277 2497 1345 in
2541 1275 2785 1357 Gallia,
2847 1275 3081 1357 Italia,

528 1366 933 1459 Burgundia
977 1365 1319 1445 extabant,
1374 1365 1604 1435 solerti
1656 1365 1873 1436 animi
1924 1364 2288 1446 industria,
2330 1366 2544 1435 instar
2582 1365 2734 1455 apis
2779 1363 3086 1454 pruden-

530 1457 858 1536 tissimae,
904 1456 1163 1545 optima
1210 1475 1522 1540 quaeque
1568 1452 1903 1544 colligens
1950 1453 2222 1523 vivendi
2274 1454 2584 1525 instituta
2619 1467 2684 1523 et
2731 1453 3080 1544 exempla.

531 1543 823 1635 Legebat
873 1543 1178 1614 studiose
1224 1542 1458 1612 Basilii
1507 1542 1897 1632 praeclaras
1940 1544 2488 1621 constitutiones,
2553 1543 2829 1612 Macarii
2879 1565 3090 1633 regu·

533 1632 695 1716 lam,
740 1633 1085 1703 Benedicti
1124 1631 1415 1713 decreta,
1461 1631 1869 1701 Columbani
1911 1632 2224 1703 instituta
2256 1632 2715 1702 sanctissima:
2756 1644 2962 1718 atque
2993 1632 3091 1701 ita

532 1735 825 1793 onustus
878 1723 1209 1790 virtutum
1259 1721 1735 1801 aromatibuS,
1821 1721 2275 1792 sectatoribus
2323 1721 2470 1791 suis
2530 1721 2808 1811 egregia
2868 1718 2954 1787 de
3010 1741 3084 1789 se

533 1811 845 1899 exempla
888 1808 1277 1900 praebebat.

619 1902 777 1986 §1
853 1897 1141 1981 Quando
1180 1910 1407 1967 autem
1460 1897 1684 1968 visum
1757 1897 1887 1967 fuit
1946 1898 2404 1988 omnipotenti
2467 1902 2640 1976 Deo,
2712 1895 3076 1966 lucernam

535 2000 789 2057 tantam
836 2008 1085 2077 ponere
1111 2008 1318 2076 super
1350 1985 1873 2068 candelabrum,
1912 1999 1990 2057 ut
2022 1987 2222 2077 longe
2253 1987 2521 2073 lateque
2549 1986 2700 2076 ejus
2728 2007 2802 2054 se
2845 1984 3087 2054 lumen

534 2087 599 2147 et
646 2076 975 2145 virtutum
1021 2075 1194 2144 radii
1244 2075 1711 2144 diffunderent
1757 2096 1905 2144 eam
1950 2075 2050 2144 illi
2103 2075 2515 2145 voluntatem
2559 2073 2966 2163 adspiravit,
3011 2084 3089 2142 ut

534 2187 659 2234 sua
690 2166 898 2254 opera
947 2164 1439 2234 monasterium
1471 2163 1926 2234 extruendum
1962 2177 2257 2234 curaret.
2304 2169 2541 2251 ltaque
2574 2186 2612 2233 a
2648 2168 2828 2253 Rege
2869 2167 3090 2231 Fran-

531 2275 770 2322 corum
822 2253 1175 2328 Clodoveo,
1227 2266 1293 2322 et
1339 2252 1492 2340 ejus
1538 2254 1834 2344 conjuge
1883 2252 2169 2323 Baltilde
2210 2252 2437 2323 locum
2495 2253 2564 2320 in
2609 2273 2788 2342 pago
2835 2251 3091 2321 Rotho·

537 2342 843 2431 magensi
897 2341 1201 2433 supplici
1249 2363 1446 2431 prece
1495 2342 1816 2423 obtinuit,
1870 2362 2076 2428 quem
2143 2341 2528 2429 antiquitus
2584 2340 3091 2411 Gemmeticum

532 2430 997 2522 appellabant,
1051 2444 1254 2518 atque
1302 2430 1443 2500 illic
1475 2431 1831 2555 egregium
1871 2430 2282 2500 coenobium
2319 2429 2728 2500 aedificavit.
2769 2433 3092 2518 Congrue

533 2543 698 2590 sane
739 2520 931 2590 locus
973 2520 1086 2590 ille
1134 2520 1595 2591 Gemmeticus
1722 2533 1824 2590 est
1853 2519 2104 2600 dictus,
2156 2521 2416 2610 quippe
2452 2519 2573 2606 qui
2614 2519 2833 2588 instar
2890 2539 3091 2608 gem-

536 2632 833 2690 marum,
888 2609 1280 2679 multivario
1329 2609 1417 2677 sit
1461 2609 1704 2677 decore
1760 2608 2208 2698 conspicuus.
2262 2609 2507 2678 Videas
2556 2607 2698 2678 illic
2747 2607 3086 2676 arborum

534 2720 770 2767 comas
826 2698 1289 2788 sylvestrium,
1352 2696 1768 2787 multigenos
1815 2696 2140 2766 arborum
2194 2695 2486 2777 fructuS,
2547 2697 2768 2766 solum
2830 2694 3084 2774 fertile,

584 2799 728 2856 rata
771 2786 1079 2868 virentia,
1116 2786 1467 2855 hortorum
1507 2786 1710 2855 flores
1743 2785 2240 2865 suaveolentes,
2284 2786 2500 2857 botris
2583 2783 2851 2854 ravidas
2882 2783 3078 2863 vites,

535 2810 830 2945 flumum
873 2874 1184 2962 undique
1215 2874 1507 2943 cinctam
1545 2874 1767 2961 aquis,
1819 2895 2077 2964 pascua
2126 2875 2450 2963 pecorum
2502 2897 2549 2945 u
2599 2874 2878 2951 errima,
2935 2871 3088 2942 loca

540 2964 880 3032 venationi
910 2976 1091 3053 apta,
1146 2962 1374 3032 avium
1401 2976 1611 3033 cantu
1640 2963 2252 3033 circumsonantia.
2299 2967 2616 3049 Sequana
2656 2961 2915 3031 fluvius
2946 2960 3090 3030 illic

537 3051 844 3120 cernitur
901 3051 1031 3121 late
1079 3052 1415 3127 ambiens,
1468 3064 1533 3120 et
1581 3050 1831 3120 deinde
1879 3073 2004 3122 suo
2051 3073 2344 3142 pergens
2390 3074 2630 3133 cursu,
2682 3072 2825 3120 uno
2880 3049 3091 3120 dum-

539 3150 717 3208 taxat
751 3140 1301 3210 commeantibus
1334 3139 1528 3210 aditu
1560 3140 1817 3210 relicto.
1873 3140 1976 3209 Ibi
2019 3163 2207 3210 mare
2257 3162 2444 3210 nunc
2494 3142 2889 3211 increscens
2927 3160 3091 3208 eru-

536 3240 713 3297 ctat:
770 3230 1058 3297 nuncin
1109 3228 1339 3298 sinum
1384 3251 1591 3298 suum
1662 3227 2071 3309 revolutum,
2131 3230 2410 3299 navium
2469 3229 2597 3298 fert
2644 3228 3083 3317 compendia,

537 3317 949 3386 commercia
1023 3316 1508 3407 plurimorum.
1589 3316 1771 3387 Nihil
1844 3315 1987 3386 illic
2060 3317 2288 3388 deest:
2351 3317 2684 3406 quicquid
2746 3316 3087 3387 vehiculis

542 3405 973 3496 pedestribus
1003 3418 1069 3475 et
1114 3405 1571 3492 equestribuS,
1642 3405 1973 3496 plaustris
2030 3419 2095 3474 et
2155 3407 2421 3477 ratibus
2484 3404 3082 3483 subministratur,

536 3493 811 3564 abunde
866 3494 1190 3594 suppetit.
1246 3493 1393 3563 Illic
1468 3505 1772 3564 castrum
1821 3494 2190 3564 condidere
2260 3496 2564 3583 antiqui:
2621 3494 2716 3563 ibi
2765 3507 2951 3567 stant
3005 3495 3076 3563 in

538 3584 680 3653 acie
731 3582 1023 3652 illustria
1063 3595 1285 3653 castra
1317 3582 1471 3651 Dei:
1526 3582 1623 3653 ibi
1681 3605 1844 3674 prae
1893 3583 2234 3655 desiderio
2286 3584 2588 3675 paradisi
2653 3584 3086 3672 suspirantes

536 3684 847 3763 gemunt,
884 3672 1142 3758 quibus
1177 3683 1409 3761 postea
1438 3693 1616 3760 opus
1666 3693 1800 3741 non
1842 3673 1969 3741 erit
2018 3672 2086 3740 in
2139 3673 2440 3742 flammis
2483 3671 2851 3742 ultricibus
2905 3666 3086 3740 nihil

541 3761 933 3852 profuturos
979 3761 1179 3830 edere
1211 3760 1533 3851 gemitus
1988 3779 1991 3783 ’

623 3853 659 3938 ἓ
704 3854 786 3923 S.
826 3850 929 3919 Ibi
956 3850 1252 3938 denique
1283 3849 1513 3919 almus
1545 3849 1864 3921 sacerdos
1907 3848 2323 3919 philibertus
2347 3846 2718 3937 multiplici
2750 3858 2854 3917 est
2887 3846 3088 3917 laude

536 3952 600 4008 et
699 3939 1155 4009 raedicatione
1184 3937 1596 4017 efferendus,
1650 3939 1771 4025 qui
1814 3938 2032 4008 instar
2069 3937 2503 4008 Patriarchae
2535 3939 2749 4007 Jacob
2805 3935 2875 4005 in
2935 3936 3083 4006 ani-

541 3963 785 4099 mabus
834 4029 1268 4118 septuaginta
1324 4027 1735 4117 demigravit
1783 4027 1853 4096 in
1910 4027 2090 4097 hanc
2156 4047 2510 4105 eremum,
2582 4025 2817 4095 addito
2877 4045 3082 4117 grege

538 4117 965 4207 septemplici
1002 4129 1278 4208 propter
1305 4115 1771 4205 septiformem
1808 4117 2099 4206 gratiam
2137 4116 2438 4206 Spiritus
2469 4116 2726 4191 Sancti.
2770 4114 2876 4186 Ibi
2900 4113 3084 4183 enim

538 4203 689 4290 ejus
741 4206 1100 4293 prudentia
1162 4205 1542 4275 construxit
1593 4205 1865 4274 moenia
1929 4204 2313 4293 quadrata,
2383 4203 2630 4274 turrita
2696 4203 2872 4274 mole
2937 4223 3084 4272 sur-

538 4292 786 4382 gentia,
840 4293 1139 4364 claustra
1187 4293 1608 4384 excipiendis
1657 4293 2193 4364 adventantibus
2229 4294 2400 4362 mire
2447 4305 2863 4384 opportuna.
2894 4296 3085 4360 Intus

590 4418 617 4445 ⁸
645 4417 873 4468 sumam.
