3308 5004
188 347 378 414 AUG.
434 348 516 413 ⁴5
863 367 943 414 mi
989 366 1046 415 s.
1100 363 1437 415 annotatio
1491 363 1823 414 sunssion.
1876 364 2076 415 muse.
2527 345 2645 413 384

189 472 323 521 suo
357 450 556 520 cultu
594 472 848 521 carere.
902 456 979 521 Et
1024 472 1182 521 ecce
1230 450 1372 522 illis
1407 450 1516 541 pie
1548 450 2152 537 conquerentibus,
2191 471 2443 520 manus
2471 448 2748 519 dextera

188 560 233 608 a
267 551 539 630 pectore
586 562 658 610 se
688 540 914 631 erigit,
966 539 1219 631 digitos
1267 539 1684 630 displicatet
1721 537 2008 623 diducit,
2061 550 2127 608 et
2159 538 2498 610 annulum
2533 537 2607 608 di
2656 536 2749 607 ito

190 626 548 698 inserendi
581 650 903 721 magnam
938 629 1219 719 praebet
1265 627 1875 788 opportunitatem.
1929 626 2098 697 Inde
2148 627 2392 698 inferto
2439 648 2626 696 annu
2659 647 2699 695 o
2729 680 2745 708 ,

191 716 283 786 ad
316 717 689 806 pristinum
720 739 867 789 sese
907 717 1138 789 locum
1159 731 1347 809 *retra
1406 717 1477 799 it,
1518 728 1588 787 et
1622 716 1901 808 digitos,
1937 729 2015 786 ut
2045 729 2270 799 antea,
2313 717 2497 787 intra
2525 714 2750 785 volam

193 806 562 876 contrahit.
617 812 826 877 Nemo
873 827 1040 877 sane
1093 828 1405 895 unquam
1455 804 1673 897 possit
1724 803 1980 895 scripto
2029 804 2392 896 explicare,
2452 815 2753 892 quantus

196 915 442 977 amor,
493 907 889 997 quantaque
949 895 1206 967 laetitia
1265 917 1388 987 per
1429 894 1750 966 omnium
1804 905 2066 964 mentes
2115 892 2531 995 pervaserit,
2588 913 2752 993 cum

197 995 559 1054 cernerent
605 984 956 1055 hominem
1011 984 1149 1066 Dei,
1196 1005 1480 1076 corpore
1514 996 1891 1065 mortuum,
1930 983 2215 1053 viventis
2246 1004 2524 1054 sensum
2559 980 2753 1050 exbi-

197 1071 386 1154 bere,
429 1085 496 1143 et
542 1073 677 1164 ipsi
727 1072 1247 1144 inservientium
1297 1074 1546 1144 affectu
1595 1085 1733 1142 tam
1789 1072 1897 1162 pie
1946 1071 2225 1142 moveri.
2276 1068 2755 1159 Contemplan·

198 1158 371 1230 dum
422 1174 603 1232 certe
632 1162 746 1231 hic
777 1174 901 1244 est,
953 1174 1020 1232 et
1053 1162 1240 1232 fideli
1278 1176 1502 1233 mente
1551 1161 2035 1242 retinendum,
2075 1159 2352 1248 quantis
2401 1157 2755 1231 laboribus

199 1260 269 1319 et
313 1252 624 1341 corporis
670 1251 1251 1327 macerationibus
1292 1252 1405 1322 hic
1453 1250 1705 1322 Christi
1753 1270 1993 1323 servus
2038 1270 2191 1319 eam
2242 1248 2569 1319 meruerit
2616 1245 2756 1315 vir-

200 1339 371 1408 tutis
408 1338 782 1410 efficaciam
813 1395 828 1421 ,
872 1351 950 1410 ut
1003 1340 1209 1411 etiam
1270 1341 1578 1411 membra
1625 1338 1934 1409 defuncti
1983 1337 2204 1441 gloria
2261 1335 2756 1407 miraculorum

200 1426 530 1517 polleant.
598 1429 938 1500 Nimirum
1007 1451 1143 1499 non
1207 1428 1411 1519 gulae
1455 1440 1523 1499 et
1572 1428 1790 1498 ventri
1854 1426 2257 1509 serviendO,
2311 1447 2448 1495 non
2507 1424 2758 1515 opibus

200 1528 326 1586 aut
372 1516 754 1588 honoribus
818 1516 1257 1609 aucupandis
1318 1517 1451 1587 tale
1515 1539 1776 1587 munus
1838 1539 1878 1585 a
1936 1516 2198 1587 Christo
2267 1513 2576 1605 accepit,
2640 1510 2757 1584 sed

202 1626 464 1697 corpus
510 1606 1014 1689 mortificando,
1072 1605 1417 1679 mandatis
1478 1606 1731 1676 divinis
1780 1604 2228 1697 invigilando,
2291 1625 2485 1674 verae
2530 1600 2761 1672 chari-

204 1695 328 1763 tati
365 1694 813 1777 inhaerendO,
844 1708 909 1765 et
938 1696 1008 1764 in
1037 1695 1146 1766 via
1168 1695 1480 1784 justitiae
1512 1694 1936 1783 quotidianis
1967 1692 2360 1784 augmentis
2391 1688 2760 1762 crescendo

203 1794 273 1852 et
309 1785 834 1874 perseverando.
890 1788 1058 1856 Cum
1107 1784 1294 1856 enim
1343 1784 1574 1855 cubile
1604 1783 1837 1855 cordis
1882 1783 2057 1874 ejus,
2101 1803 2386 1873 corpore
2416 1778 2756 1858 edomito,

205 1873 562 1962 praeclare
600 1891 776 1943 esset
808 1886 1282 1966 repurgatum,
1315 1873 1576 1965 placuit
1603 1871 1889 1964 Spiritui
1926 1877 2171 1943 Sancto
2202 1869 2588 1962 glorificare
2614 1866 2764 1959 glo-

206 1961 595 2032 rificantem
628 1984 724 2044 se,
756 1962 1028 2052 sibique
1100 1986 1300 2034 uram
1327 1962 1646 2033 exhibere
1682 1960 2100 2042 servitutem,
2127 1959 2312 2053 apud
2343 1979 2584 2030 omnes
2611 1976 2766 2049 gra-

206 2050 494 2132 tiosum,
548 2051 917 2123 amabilem
958 2063 1022 2122 et
1080 2052 1256 2122 aude
1296 2051 1363 2121 di
1422 2073 1587 2121 num
1622 2049 1915 2121 efficere.

297 2141 538 2228 558.
599 2141 835 2211 -Simul
910 2151 1142 2211 autem
1209 2162 1338 2232 pru
1391 2162 1515 2212 ens
1589 2139 1801 2211 lector
1859 2139 2211 2220 observet,
2283 2157 2493 2225 quam
2565 2154 2767 2203 verax

209 2226 422 2298 fucrit
468 2228 597 2298 viri
647 2230 761 2299 Dei
839 2230 1245 2301 vaticinium
1315 2252 1454 2318 quo
1516 2228 1755 2300 multis
1805 2227 2009 2299 annis
2063 2239 2222 2297 ante
2282 2224 2760 2317 praedixerat,

214 2315 443 2386 funeri
475 2318 627 2409 ejus
658 2319 970 2389 curando
1019 2318 1295 2389 nullum
1349 2318 1766 2410 Episcopum
1815 2316 1915 2387 vel
1953 2316 2278 2386 Abbatem
2327 2312 2759 2411 adfuturum,

217 2405 336 2474 sed
387 2428 509 2496 per
557 2407 1016 2499 Everolphum
1068 2407 1486 2478 monachum
1535 2420 1600 2477 et
1652 2408 2130 2497 presbyterum
2181 2403 2251 2473 id
2290 2413 2608 2472 curatum
2649 2420 2763 2467 1r1.

215 2493 399 2565 Talis
428 2496 611 2565 enim
642 2498 1004 2588 occupatio
1051 2497 1313 2569 vicinos
1346 2496 1663 2578 Abbates,
1704 2495 1880 2566 duos
1903 2492 2407 2573 Gandavense8‚
2446 2502 2511 2560 et
2540 2510 2765 2559 unum

213 2588 624 2675 Bergensem
675 2586 993 2670 detinuit,
1047 2599 1123 2658 ut
1169 2586 1487 2674 quamvis
1534 2585 1797 2656 solicite
1847 2583 2136 2664 invitati,
2173 2595 2238 2652 et
2282 2581 2525 2652 adesse
2567 2599 2767 2670 pero-

215 2684 516 2763 ptantes,
571 2675 765 2746 nullo
814 2689 1014 2767 pacto
1061 2675 1130 2745 id
1194 2686 1473 2766 possent
1532 2673 1887 2760 consequi.
1942 2670 2135 2742 Unde
2195 2683 2300 2741 est
2347 2669 2416 2738 id
2465 2666 2766 2737 admira—

218 2762 405 2831 tione
449 2761 767 2853 dignum,
799 2765 980 2852 quod
1034 2775 1318 2835 sanctus
1369 2762 1645 2854 praesul
1695 2773 1883 2832 tanta
1930 2761 2060 2831 fuit
2107 2780 2338 2829 rerum
2372 2757 2769 2828 futurarum

216 2850 713 2941 praevidentia,
758 2864 945 2924 tanta
986 2854 1215 2924 Sancti
1259 2852 1556 2945 Spiritus
1582 2850 2040 2921 illustratione
2069 2847 2446 2940 praedituS,
2479 2858 2557 2915 ut
2579 2841 2770 2945 haud

215 2939 422 3009 aliter
466 2961 575 3011 res
620 2942 991 3025 evenirent,
1035 2964 1245 3031 quam
1281 2943 1427 3032 ipse
1460 2940 1933 3033 praedixisset.
1969 2937 2336 3009 celebratis
2376 2955 2578 3038 porro
2610 2938 2771 3002 Mis-

218 3049 461 3098 sarum
524 3028 880 3100 solemniis
909 3087 925 3115 ‚
976 3053 1017 3101 a
1066 3030 1305 3102 multis
1351 3052 1626 3134 quoque
1674 3029 1744 3098 in
1810 3049 2150 3120 pauperes
2194 3024 2585 3096 distrlbutis
2633 3021 2773 3124 lar7

272 3117 535 3188 'ssimis
592 3119 1071 3211 eleemosyniS,
1133 3142 1271 3209 quo
1318 3118 1430 3190 dle
1480 3124 1546 3190 S.
1597 3117 1938 3209 Arnulphi
1986 3115 2390 3187 metensium
2452 3113 2775 3204 Episcopi

219 3138 435 3276 ffiriae
467 3205 929 3291 celebrantur,
982 3209 1220 3280 eodem
1271 3208 1342 3278 in
1393 3207 1684 3279 ecclesia
1730 3207 1909 3277 beati
1958 3206 2136 3276 Petri
2183 3202 2506 3297 Apostoli,
2561 3201 2774 3304 hujus

221 3295 446 3365 sancti
497 3295 623 3366 viri
696 3319 950 3390 corpus
995 3320 1036 3368 a
1090 3297 1183 3369 ud
1234 3297 1832 3389 Aldenburgenses
1902 3296 2267 3365 humatum
2337 3305 2440 3364 est
2505 3292 2575 3360 in
2623 3311 2775 3391 ejus

220 3383 556 3454 basilicae
612 3400 804 3477 parte
864 3386 1035 3476 Aqui
1069 3387 1290 3460 onari.
1363 3391 1727 3475 Postquam
1786 3407 1945 3456 vero
1993 3383 2095 3453 vir
2140 3382 2385 3453 beatus
2442 3380 2775 3483 humanis

222 3474 438 3543 rebus
472 3488 831 3564 exemptus
871 3488 994 3557 est,
1042 3476 1260 3547 multa
1304 3475 1387 3545 ad
1437 3476 1586 3566 ejus
1633 3476 1913 3546 exuvias
1960 3472 2294 3543 divinitus
2353 3481 2516 3542 sunt
2564 3491 2777 3539 mira-

222 3561 385 3631 cula
433 3561 802 3646 declarata,
857 3565 1059 3636 multi
1122 3563 1346 3635 morbi
1391 3576 1458 3635 et
1505 3563 1875 3656 languores
1932 3560 2178 3633 curati.
2240 3565 2435 3632 Nunc
2484 3580 2640 3628 vero
2687 3557 2773 3628 ab

224 3651 503 3721 Oriente
549 3663 615 3722 et
644 3653 1006 3725 Occidente
1045 3653 1372 3745 permulti
1392 3653 1676 3724 assidue
1706 3652 2092 3731 confluunt,
2122 3662 2189 3721 et
2226 3649 2577 3741 pulverem
2625 3648 2776 3739 ejus

224 3739 504 3810 tumulo
552 3743 1024 3833 propinquum
1073 3743 1497 3835 colligentes,
1537 3742 1623 3812 ad
1676 3763 1841 3813 suos
1888 3738 2240 3812 morbidos
2286 3760 2448 3810 eum
2488 3737 2774 3828 abspor—

226 3839 399 3911 tant,
454 3841 660 3918 atque
706 3832 869 3902 inde
916 3831 1214 3905 salutare
1261 3831 1646 3903 remedium
1699 3830 1802 3901 illi
1835 3828 2146 3902 celeriter
2191 3826 2523 3900 obtinent.
