3308 5004
170 328 315 395 AUG.
362 328 386 390 l
720 345 799 393 ns
846 343 903 392 s.
956 342 1382 392 nrnstwonno
1429 343 1811 393 wmronutsi
1859 343 2060 393 muse.
2301 346 2310 355 ’
2477 329 2561 395 57

171 437 402 521 llagnus
437 427 779 508 cucullus,
830 428 948 517 qui
998 442 1098 498 est
1148 429 1213 497 in
1271 429 1485 517 hujus
1532 430 1799 500 arboris
1849 429 2119 510 vertice,
2177 431 2497 501 monachi
2548 430 2646 501 tui

174 517 508 589 Ethelwoldi
554 532 681 594 est,
730 518 848 605 qui
888 518 953 586 in
988 517 1119 587 hoc
1156 520 1567 588 monasterio
1594 518 1859 588 Christo
1895 517 2210 608 religiose
2245 518 2646 589 famulatur.

176 607 382 694 Reliqui
429 605 735 688 cuculli,
788 606 905 693 qui
959 607 1171 676 ramis
1228 605 1606 677 inhaerent.
1666 605 2175 677 multitudinem
2253 608 2653 699 significant

179 696 632 776 monachorum,
663 695 783 782 qui
815 695 966 785 ejus
1011 694 1398 765 eruditione
1438 695 1889 776 instruentur,
1942 708 2007 765 et
2050 696 2359 784 undique
2405 698 2475 766 in
2523 698 2652 767 hac

174 786 388 874 regione
424 784 506 854 ad
566 784 677 854 Dei
710 784 1063 854 servitium
1113 784 1745 875 congregabuntur,
1797 785 2083 874 ejusque
2115 784 2333 856 ductu
2383 786 2652 856 venturi

170 873 385 944 suntad
419 873 706 963 gloriam
757 874 949 963 regni
1000 872 1373 953 coelorum,
1415 885 1481 943 et
1526 873 1614 942 ad
1662 873 2051 943 societatem
2103 874 2456 945 beatorum
2509 875 2649 966 spi-

166 962 372 1032 rituum
420 984 579 1031 cum
633 962 895 1032 Christo
945 961 1410 1051 regnantium.

224 1054 253 1138 ξ
291 1056 420 1123 14.
456 1050 636 1119 Vidit
663 1051 867 1119 etiam
902 1050 1049 1138 ipse
1090 1049 1552 1120 Ethelwoldus
1583 1050 1959 1129 somnium,
1996 1049 2203 1137 idque
2228 1051 2649 1138 quibusdam

162 1140 468 1209 monachis
501 1139 650 1209 suis
689 1139 781 1208 ita
814 1140 1190 1208 enarravit:
1245 1161 1282 1205 «
1310 1138 1602 1209 Videbar
1646 1138 1818 1207 mihi
1858 1152 2035 1209 stare
2083 1140 2165 1208 ad
2219 1140 2381 1209 litus
2414 1140 2651 1220 maris,
2761 1136 2770 1141 ’

158 1227 248 1295 ubi
303 1228 746 1327 praegrandis
805 1228 1143 1314 quaedam
1217 1229 1411 1297 navis
1479 1227 1872 1307 visebatur,
1926 1228 2277 1316 copiosam
2354 1228 2650 1317 piscium

157 1315 654 1397 multitudinem,
694 1317 1059 1407 praecipue
1092 1316 1589 1405 anguillarum,
1625 1317 1713 1385 ab
1746 1316 1884 1384 imo
1919 1338 2139 1403 usque
2175 1316 2258 1386 ad
2294 1338 2649 1385 summum

154 1404 293 1472 intra
343 1427 411 1474 se
475 1405 803 1475 retinens
857 1410 1165 1492 Cumque
1215 1426 1487 1475 mecum
1550 1406 1800 1474 tacitus
1847 1405 2258 1494 cogitarem,
2300 1405 2464 1492 quid
2521 1404 2651 1473 sibi

153 1491 315 1561 vellet
338 1493 500 1564 haec
532 1494 729 1573 visio,
765 1508 1038 1582 repente
1066 1493 1300 1564 audivi
1343 1516 1569 1564 vocem
1606 1494 1943 1563 dicentem
1982 1494 2176 1564 mihi:
2210 1492 2646 1568 Ethelwolde.

152 1580 548 1663 Ethelwolde,
604 1582 733 1652 hoc
783 1583 904 1652 tibi
956 1582 1356 1659 mandatum
1409 1605 1449 1653 a
1502 1586 1633 1652 Deo
1700 1582 1987 1651 coelitus
2030 1582 2318 1652 missum
2372 1596 2523 1661 est,
2580 1594 2658 1652 ut

150 1669 362 1739 excites
417 1671 545 1741 hos
589 1671 834 1761 pisces,
887 1671 1145 1758 quibus
1208 1671 1372 1740 haec
1424 1672 1616 1740 navis
1685 1670 1886 1759 plena
1924 1684 2065 1746 est.
2117 1685 2183 1739 et
2228 1672 2661 1741 orationibus

149 1758 259 1827 tuis
285 1758 563 1840 efficias,
619 1773 698 1829 ut
743 1760 882 1830 sint
930 1760 1270 1835 homines,
1323 1758 1502 1829 sicut
1531 1771 1730 1829 antea
1766 1758 2067 1828 fuerunt.
2105 1760 2313 1850 Cujus
2355 1759 2656 1845 jussioni

151 1867 275 1915 mox
314 1870 439 1937 ego
486 1850 993 1937 obtemperans,
1051 1870 1441 1939 preces‘pro
1475 1847 1614 1919 illis
1663 1847 1834 1925 fudi,
1887 1860 1952 1916 et
2001 1848 2464 1937 lacrymarum
2506 1870 2657 1937 per-

147 1932 314 2005 fusus
352 1937 598 2016 imbre,
653 1937 796 2007 dixi
844 1959 1003 2007 cum
1054 1937 1355 2026 gemitu:
1416 1937 1696 2006 Domine
1741 1942 1908 2005 Jesu
1955 1937 2250 2016 Christe,
2303 1937 2417 2007 cui
2482 1935 2657 2004 nihil

146 2037 225 2091 est
267 2026 712 2113 impossibile,
759 2026 1021 2115 respice
1073 2025 1410 2115 propitius
1439 2025 1524 2094 ad
1568 2026 1839 2094 animas
1885 2024 2222 2095 diabolica
2256 2024 2497 2095 fraude
2544 2025 2662 2093 de·

146 2126 367 2201 ceptas,
406 2136 586 2201 quae
634 2116 982 2184 humanae
1031 2115 1316 2184 rationis
1364 2136 1570 2184 sensu
1619 2113 2007 2194 destitutae,
2059 2115 2280 2183 instar
2314 2113 2657 2203 pecudum

148 2199 201 2268 in
226 2202 480 2271 lubrico
511 2204 757 2273 mundi
794 2203 1004 2294 hujus
1028 2224 1241 2273 coeno
1266 2203 1748 2273 miserabiliter
1775 2202 2191 2273 volutantur.
2222 2207 2337 2285 Ne,
2372 2223 2657 2290 quaeSO,

149 2292 471 2377 permittas
521 2292 698 2362 bone
740 2293 939 2373 Jesu,
987 2304 1061 2360 ut
1086 2292 1171 2360 de
1217 2292 1317 2361 eis
1367 2292 1809 2381 triumphans
1849 2290 2181 2379 glorietur
2218 2291 2509 2361 humani
2544 2311 2662 2381 ge·

147 2380 303 2449 neris
351 2381 726 2450 inimicus:
781 2380 897 2451 sed
940 2382 1157 2450 sancti
1214 2381 1514 2449 nominis
1551 2381 1647 2449 tui
1685 2381 1931 2449 virtute
1968 2379 2248 2450 redeant
2286 2380 2368 2449 ad
2424 2381 2657 2460 vitam,

147 2478 207 2536 ut
244 2490 279 2537 a
325 2490 570 2540 somno
621 2470 862 2541 mortis
908 2491 1018 2539 ere
1073 2483 1215 2551 tae,
1279 2482 1339 2541 te
1386 2491 1619 2540 verum
1673 2482 1738 2539 et
1784 2469 2068 2538 unicum
2137 2468 2378 2539 mundi
2430 2468 2661 2540 Salva—

148 2567 325 2627 torem
392 2570 815 2648 agnoscant:
882 2571 948 2629 et
1061 2560 1338 2649 einceps
1403 2580 1676 2648 semper
1723 2556 1806 2626 ad
1883 2557 2337 2644 tranquillum
2415 2557 2663 2627 salutis

150 2659 386 2742 portum
437 2646 954 2738 confugienteS,
1008 2647 1094 2717 ab
1142 2648 1469 2718 omnibus
1532 2645 1777 2715 mundi
1841 2645 2472 2735 perturbationibus
2519 2645 2660 2714 sint

148 2753 487 2816 immunes,
541 2749 608 2806 et
640 2737 773 2806 sub
817 2750 928 2806 tua
963 2736 1460 2826 gubernatione
1511 2747 1982 2824 permaneant.
2038 2740 2260 2804 Tuum
2308 2746 2409 2803 est
2439 2733 2654 2813 enim,

149 2820 398 2905 Christe,
445 2838 759 2895 mortuos
813 2845 1128 2894 revocare
1174 2825 1259 2894 ad
1313 2825 1557 2904 vitam,
1615 2835 1682 2892 et
1736 2824 2108 2913 imaginem
2161 2835 2391 2904 tuam,
2491 2843 2655 2892 uam

148 2912 399 2992 creasti,
451 2912 541 2983 ad
611 2913 981 3004 pristinum
1031 2913 1346 2982 decorem
1399 2911 1811 2993 reformare,
1873 2912 1998 2999 qui
2053 2912 2297 2982 venisti
2354 2912 2422 2981 in
2526 2931 2664 2980 unc

152 2999 460 3095 mundum
496 3012 891 3092 peccatores
922 3001 1145 3072 salvos
1191 3001 1435 3082 facere,
1470 3014 1536 3070 et
1580 3001 1733 3069 dira
1765 3001 2002 3071 mortis
2039 3000 2381 3091 supplicia
2421 3021 2666 3090 passus

151 3107 204 3154 111
252 3094 480 3171 cruce,
539 3090 830 3160 fundere
892 3090 1220 3182 dignatus
1278 3112 1353 3159 es
1402 3090 1813 3180 sanguinem
1866 3103 2060 3160 tuum
2114 3090 2486 3180 pretiosum
2542 3109 2666 3178 pro

151 3175 333 3246 salute
362 3201 474 3248 om
488 3179 684 3247 nium
717 3191 1052 3249 nostrum.
1085 3185 1250 3249 Cum
1288 3178 1453 3249 haec
1482 3194 1549 3248 et
1588 3178 1695 3247 his
1725 3179 1979 3249 similia
2007 3191 2430 3268 compuncto
2460 3176 2665 3247 corde

150 3275 201 3331 et
227 3266 460 3365 spiritu
490 3267 913 3337 humilitatis
942 3268 1390 3348 effunderem,
1421 3289 1576 3337 ecce
1623 3289 1798 3354 quos
1822 3279 2018 3337 antea
2057 3268 2279 3358 pisces
2328 3267 2656 3345 videram,

152 3352 344 3424 subito
384 3356 709 3427 homines
746 3357 1040 3435 effectos,
1074 3370 1140 3427 et
1171 3379 1210 3427 a
1249 3369 1464 3426 morte
1502 3356 1828 3427 excitatos
1870 3356 2031 3436 vidi,
2081 3356 2201 3443 qui
2235 3355 2545 3425 celeriter
2576 3354 2663 3423 ad

153 3450 365 3513 terram
417 3444 932 3535 properabant,
999 3445 1201 3516 multi
1259 3467 1425 3517 sane
1473 3466 1807 3527 numero,
1858 3466 2151 3532 quorum
2218 3465 2352 3513 non
2406 3464 2666 3535 paucos

155 3532 387 3624 agnovi.
437 3538 634 3604 Unus
679 3545 909 3603 autem
966 3555 1046 3602 ex
1097 3533 1182 3604 iis
1233 3533 1304 3603 in
1363 3547 1612 3604 terram
1668 3547 2038 3604 retrorsum
2089 3531 2366 3614 cadenS,
2423 3553 2666 3602 rursus

157 3636 207 3682 ln
249 3640 325 3688 an
378 3621 627 3692 uillam
681 3643 920 3691 versus
964 3634 1107 3691 est:
1168 3621 1284 3692 ille
1332 3622 1647 3692 videlicet
1705 3621 2165 3703 Ethelstanus,
2222 3622 2339 3709 qui
2391 3640 2662 3689 mecum

156 3723 302 3788 quon
353 3732 463 3779 am
505 3711 866 3799 presbyter
910 3709 1133 3781 fuerat
1179 3710 1562 3791 ordinatus,
1617 3731 1823 3797 quem
1868 3709 2195 3800 deinceps
2245 3730 2446 3778 nemo
2486 3708 2662 3778 exci-

158 3803 289 3874 tare,
339 3819 461 3868 nec
502 3798 589 3869 ad
638 3798 1014 3868 humanam
1065 3797 1356 3869 formam
1409 3820 1726 3869 revocare
1773 3800 2016 3889 potuit.
2074 3797 2330 3869 caeteri
2377 3818 2616 3867 omnes
2645 3850 2663 3877 ‚

161 3884 408 3955 sublatis
442 3887 513 3955 in
566 3887 839 3957 coelum
891 3888 1197 3966 vocibus,
1249 3887 1671 3977 plaudebant
1723 3888 2070 3965 manibus,
2124 3899 2190 3956 et
2220 3886 2477 3987 gratias
2506 3905 2669 3985 age-

163 3965 465 4055 hatnoen,
519 3974 707 4063 quod
760 3975 1092 4045 ineffabili
1138 3977 1288 4063 ejus
1334 3975 1727 4057 clementia,
1778 3989 1846 4045 et
1892 3997 2085 4045 meae
2130 3973 2524 4064 exiguitatis
2565 3994 2671 4042 in-

166 4064 571 4145 tercessione,
627 4065 1042 4136 meruissent
1089 4087 1129 4133 a
1178 4076 1394 4134 morte
1440 4065 1522 4136 ad
1595 4065 1800 4134 vitam
1868 4063 2150 4144 reduci,
2204 4063 2669 4142 ethumanae

170 4147 393 4232 rationi,
444 4174 663 4240 quam
714 4153 1111 4232 amiserant,
1170 4152 1460 4224 restitui.
1500 4159 1637 4245 Ego
1685 4174 1842 4222 vero
1890 4151 2200 4243 gaudens
2250 4152 2317 4221 in
2350 4151 2662 4230 Domino,

172 4245 217 4327 {³2
262 4240 749 4331 congratulans
808 4240 989 4322 illis,
1041 4241 1407 4331 evigilavi:
1458 4255 1525 4312 et
1590 4243 1771 4312 hanc
1836 4242 2167 4311 visionem
2221 4241 2411 4311 vobis
2473 4239 2670 4309 filioli

175 4318 380 4399 ldcirco
425 4329 672 4411 referO,
727 4342 898 4400 utet
931 4350 1049 4401 vos
1079 4352 1238 4400 cum
1290 4328 1629 4401 bonorum
1682 4351 1967 4422 operum
2032 4329 2262 4400 fructu
2312 4330 2381 4399 in
2433 4340 2670 4399 sancto
