3308 5004
198 350 390 420 Auo.
445 349 534 415 20
909 365 988 414 na
1034 366 1092 414 s.
1144 364 1478 415 armanno
1526 365 1685 413 Ana.
1737 364 2117 415 cunum„
2548 354 2621 420 5t
2636 353 2677 419 3

202 454 614 546 negabatur.
670 449 1104 522 Ridebantur
1141 450 1491 550 orationes
1537 448 2059 538 oblationesque
2099 473 2225 543 pro
2257 453 2574 537 mortuis,
2611 476 2772 527 san-

203 555 478 614 ctorum
528 540 1002 612 invocationes
1031 593 1050 618 ,
1105 539 1544 626 sacerdotum
1602 540 2354 614 excommunicationes
2383 598 2400 625 ,
2451 544 2766 618 fidelium

203 627 799 724 peregrinationes
829 683 845 710 ,
898 625 1350 699 basilicarum
1402 626 1919 698 aedificationes
1948 681 1964 712 ,
2017 628 2288 700 dierum
2345 632 2765 704 solemnium

209 721 634 802 vacationes,
689 718 1092 790 chrismatis
1137 729 1204 787 et
1249 717 1383 789 olei
1431 716 2017 800 consecrationes,
2069 731 2135 790 et
2179 731 2423 792 omnes
2469 723 2771 812 denique

208 809 680 882 institutiones
717 806 1228 878 ecclesiasticae
1260 805 1792 898 spernebantur.
1834 828 1870 873 »

300 902 339 987 ξ
380 903 534 973 11).
588 903 732 968 Hac
772 896 1180 984 necessitate
1208 895 1313 964 vir
1340 905 1627 965 sanctus
1660 893 1791 965 iter
1820 894 2116 987 arripuit
2145 895 2232 966 ad
2264 898 2628 972 ecclesiam
2658 924 2769 972 re-

266 988 439 1059 ‘onis
472 987 688 1069 illius,
725 985 1008 1076 saepius
1035 985 1182 1074 jam
1218 996 1376 1055 ante
1408 996 1716 1073 rogatus,
1758 998 1827 1053 et
1854 994 2022 1054 tunc
2061 985 2343 1057 demum
2384 1010 2426 1058 a
2454 995 2767 1060 reveren-

211 1011 504 1149 ffissimo
551 1075 858 1146 Alberico
925 1074 1222 1144 Ostiensi
1286 1073 1632 1172 Episcopo·
1680 1084 1748 1142 et
1802 1077 2048 1163 Legato
2102 1074 2287 1145 sedis
2339 1078 2765 1168 Apostolicae

210 1188 589 1256 persuasus
636 1164 894 1256 pariter
940 1174 1005 1232 et
1050 1161 1417 1231 deductus.
1470 1166 1766 1230 Veniens
1823 1174 2078 1243 autem,
2135 1184 2298 1232 cum
2370 1166 2765 1239 incredibili

206 1255 567 1326 devotione
614 1263 981 1343 susceptus
1013 1263 1117 1322 est
1149 1273 1191 1320 a
1223 1249 1481 1341 populo
1515 1261 1757 1333 terrae,
1803 1251 1947 1320 acsi
1973 1250 2061 1321 de
2093 1251 2284 1322 coelo
2314 1254 2617 1346 Angelus
2645 1257 2769 1326 ad-

207 1345 531 1415 venisset.
585 1348 718 1413 Nec
766 1361 1033 1411 moram
1083 1338 1269 1431 apud
1310 1361 1428 1411 eos
1463 1337 1686 1409 facere
1725 1339 1970 1430 potuit,
2011 1362 2094 1411 eo
2122 1342 2303 1429 quod
2347 1342 2762 1415 irruentium

208 1435 450 1505 turbas
499 1451 705 1502 nemo
753 1429 1127 1521 reprimere
1223 1439 1440 1498 osset:
1497 1440 1685 1498 tanta
1738 1440 1885 1498 erat
1941 1427 2331 1517 frequentia
2385 1432 2634 1504 diebus
2683 1444 2764 1505 ac

206 1523 533 1594 noctibus
580 1518 1127 1599 adventantium,
1228 1516 1732 1588 enedictionem
1764 1518 2257 1608 expetentium,
2294 1520 2382 1590 fla
2436 1522 2760 1594 itantium

209 1633 438 1703 opem.
493 1607 915 1680 Praedicavit
961 1620 1188 1677 tamen
1241 1607 1314 1675 in
1362 1606 1631 1676 civitate
1664 1605 1905 1676 Tolosa
1941 1627 2061 1697 per
2087 1608 2349 1696 aliquot
2434 1610 2552 1693 ies,
2587 1625 2654 1682 et
2684 1612 2757 1681 in

209 1700 497 1772 caeteris
546 1698 739 1779 locis,
791 1719 969 1785 quae
1016 1696 1228 1765 miser
1273 1695 1773 1783 frequentasset
1809 1696 2137 1787 ampliuS,
2179 1710 2246 1767 et
2273 1700 2554 1788 gravius
2584 1699 2758 1770 infe-

208 1789 441 1870 cisset,
496 1788 750 1857 multos
797 1787 869 1856 in
917 1783 1055 1855 fide
1095 1783 1449 1877 simplices
1479 1784 1854 1865 instruens,
1903 1797 2223 1856 nutantes
2254 1789 2611 1867 roborans,
2647 1812 2755 1859 er-

211 1891 445 1949 rantes
490 1878 851 1958 revocanS,
906 1875 1273 1946 subversos
1321 1876 1652 1964 reparans
1680 1926 1697 1954 ,
1759 1873 2202 1944 subversores
2259 1889 2325 1946 et
2377 1878 2757 1948 obstinatos

190 1965 614 2038 'auctoritate
651 1987 778 2035 sua
827 1985 1149 2052 premens
1180 1975 1246 2033 et
1276 1962 1714 2054 opprimens:
1758 1973 1859 2043 ut,
1902 1985 2036 2033 non
2066 1962 2222 2034 dico
2255 1966 2570 2036 resistere
2600 1968 2758 2055 qui-

208 2056 395 2135 dem,
452 2053 565 2125 sed
618 2075 741 2123 nec
789 2053 1124 2143 apparere
1173 2063 1713 2143 praesumerent.
1768 2055 2118 2122 Caeterum
2172 2054 2299 2124 etsi
2357 2066 2521 2126 tunc
2581 2055 2760 2147 fugit

213 2143 553 2213 Henricus
589 2141 706 2213 ille
751 2153 817 2212 et
866 2141 1087 2221 latuit,
1140 2140 1236 2211 ita
1274 2154 1503 2210 tamen
1545 2140 1919 2229 impeditae
1947 2154 2111 2211 sunt
2140 2142 2288 2212 viae
2325 2143 2501 2233 ejus,
2537 2157 2604 2214 et
2652 2167 2759 2215 se-

213 2233 422 2304 mitae
466 2232 986 2323 circumseptae,
1040 2240 1121 2300 ut
1165 2230 1277 2298 vix
1324 2229 1580 2298 alicubi
1647 2241 1861 2311 tutus,
1917 2241 2149 2319 postea
2197 2231 2472 2301 tandem
2514 2245 2757 2323 captus

213 2333 278 2390 et
324 2332 676 2391 catenatus
723 2320 1062 2410 Episcopo
1110 2318 1516 2390 traderetur.
1572 2321 1648 2385 In
1707 2339 1847 2405 quo
1900 2319 2143 2389 itinere
2192 2320 2516 2410 plurimis
2548 2322 2755 2392 etiam

214 2410 434 2501 signis
480 2411 548 2479 in
598 2429 792 2479 servo
840 2429 966 2478 suo
1013 2407 1440 2498 glorificatus
1471 2418 1573 2475 est
1609 2411 1785 2476 Deus
1818 2406 2113 2477 aliorum
2148 2408 2357 2479 corda
2388 2409 2476 2478 ab
2505 2411 2758 2480 errori·-

213 2500 344 2570 bus
377 2498 614 2589 impiis
644 2520 995 2579 revocanS,
1031 2496 1326 2568 aliorum
1369 2517 1661 2586 corpora
1684 2519 1725 2566 a
1751 2494 2207 2598 languoribus
2235 2497 2443 2569 variis
2469 2522 2750 2571 sanans.

297 2590 336 2677 ξ
386 2593 557 2662 ²0.
609 2593 726 2657 Est
771 2587 968 2656 locus
1013 2586 1082 2656 in
1137 2608 1207 2656 re
1258 2588 1416 2656 ione
1458 2584 1725 2664 eadem,
1778 2608 1893 2655 cui
1942 2585 2285 2657 Sarlatum
2322 2609 2573 2658 nomen
2613 2602 2751 2659 est:

210 2676 331 2747 ubi
380 2699 698 2747 sermone
744 2674 1109 2764 complete,
1167 2609 1507 2767 pffurimos
1556 2672 1644 2743 ad
1696 2675 2249 2745 benedicendum
2301 2698 2538 2767 paneS,
2576 2678 2759 2748 sicut

208 2766 474 2853 ubique
520 2766 773 2846 fiebat,
833 2763 950 2834 Dei
995 2764 1258 2836 famulo
1317 2762 1619 2856 populus
1684 2763 2032 2833 offerebat.
2097 2770 2279 2847 Quos
2334 2766 2451 2835 ille
2499 2766 2756 2836 elevata

209 2877 430 2924 manu
475 2868 542 2923 et
587 2854 786 2943 signo
831 2854 1059 2923 crucis
1106 2853 1312 2935 edito,
1366 2854 1437 2921 in
1492 2852 1607 2921 Dei
1654 2852 1935 2922 nomine
1966 2852 2422 2924 benedicens:
2483 2860 2560 2925 In
2599 2855 2753 2937 hoc,

210 2944 461 3032 inquit,
515 2942 744 3012 scietis
793 2964 950 3012 vera
993 2963 1165 3023 esse,
1217 2964 1397 3030 quae
1441 2964 1483 3010 a
1533 2940 1771 3011 nobis:
1824 2941 2021 3023 falsa,
2066 2964 2243 3030 quae
2275 2944 2363 3013 ab
2396 2944 2759 3015 haereticis

210 3032 618 3113 suadentur,
673 3032 732 3099 si
779 3031 1042 3101 infirmi
1092 3032 1319 3112 vestri,
1373 3030 1667 3121 gustatis
1703 3030 1999 3118 panibus
2032 3032 2205 3113 istis,
2243 3032 2472 3123 adepti
2501 3032 2762 3104 fuerint

212 3121 636 3212 sospitatem.
676 3121 951 3189 Timens
988 3133 1216 3191 autem
1251 3118 1663 3189 venerabilis
1703 3122 2084 3212 Episcopus
2116 3123 2572 3204 Carnotensis,
2612 3144 2760 3191 ma-

212 3232 396 3300 gnus
443 3209 562 3279 ille
593 3208 968 3280 Gaufridus
995 3209 1373 3299 (siquidem
1410 3229 1737 3300 praesens
1769 3221 1914 3279 erat
1945 3224 2012 3279 et
2043 3210 2399 3300 proximus
2430 3211 2575 3281 viro
2616 3210 2763 3300 Dei)

213 3299 274 3368 si
321 3299 526 3381 bona,
579 3299 828 3385 inquit,
882 3298 1021 3368 fide
1066 3298 1517 3387 sumpserint,
1557 3297 2015 3368 sanabuntur.
2062 3300 2185 3369 Cui
2218 3312 2411 3390 pater
2449 3312 2756 3381 sanctus,

212 3387 300 3456 de
348 3388 622 3457 Domini
668 3388 918 3458 virtute
965 3386 1140 3456 nihil
1191 3387 1580 3457 haesitans:
1642 3411 1669 3449 ι
1725 3392 1869 3458 Non
1918 3389 2047 3457 hoc
2094 3410 2221 3478 ego
2267 3388 2584 3470 dixerim,
2623 3391 2756 3460 ait:

212 3476 332 3547 sed
381 3498 561 3558 vere,
611 3478 733 3563 qui
782 3477 1230 3566 gustaverint,
1286 3477 1753 3567 sanabuntur}
1808 3488 1886 3547 ut
1953 3478 2240 3566 proinde
2296 3500 2488 3550 veros
2536 3500 2663 3548 nos
2695 3489 2761 3549 et

212 3587 488 3635 veraces
536 3566 655 3635 Dei
701 3565 998 3634 nuncios
1039 3576 1482 3656 cognoscant.
1517 3587 1553 3629 »
1586 3569 1748 3633 Tam
1785 3565 2032 3657 ingens
2065 3567 2547 3657 languentium
2581 3567 2761 3638 mul-

215 3654 459 3736 titudo,
562 3665 786 3724 ustato
832 3652 1074 3722 eodem
1126 3675 1325 3745 pane,
1379 3652 1753 3736 convaluit,
1808 3668 1883 3723 ut
1917 3677 2037 3746 per
2078 3668 2283 3726 totam
2330 3655 2755 3747 provinciam

213 3743 497 3813 verbum
578 3764 656 3812 oc
685 3742 874 3811 divul
929 3754 1184 3824 aretur,
1221 3755 1287 3813 et
1305 3742 1408 3812 vir
1433 3754 1715 3812 sanctus
1748 3743 1973 3812 vicina
2008 3766 2128 3834 per
2157 3745 2306 3815 loca
2335 3745 2753 3835 regrediens,

211 3830 301 3901 ob
333 3853 716 3902 concursus
752 3831 894 3899 into
924 3831 1218 3901 erabiles
1251 3830 1721 3912 declinaverit,
1762 3844 1827 3901 et
1865 3832 2172 3903 timuerit
2204 3833 2324 3902 illo
2365 3833 2487 3903 ire.

303 3922 340 4007 ἕ
390 3925 535 3992 ²1.
591 3919 1124 3991 celeberrimum
1176 3941 1343 3991 sane
1391 3919 1835 4001 miraculum,
1872 3919 2057 4007 quod
2095 3944 2215 4010 per
2244 3943 2517 3992 servum
2553 3942 2760 3990 suurn

215 4008 287 4075 in
341 4008 653 4097 partibus
701 4008 1055 4079 Tolosanis
1103 4009 1414 4081 Christus
1447 4008 1781 4091 exhibuit,
1831 4009 2193 4099 paralytici
2225 4009 2594 4097 cujusdam
2635 4007 2763 4078 cle·

217 4095 347 4165 rici
394 4098 658 4168 curatio
703 4097 857 4168 fuit.
910 4102 1111 4167 Hunc
1167 4097 1238 4166 in
1305 4097 1511 4167 domo
1577 4098 2004 4188 regularium
2067 4097 2476 4168 clericorum
2542 4098 2763 4167 sancti

217 4187 596 4266 Saturnini,
648 4208 946 4275 quorum
997 4186 1146 4277 ipse
1190 4207 1377 4256 unus
1424 4197 1591 4267 erat,
1645 4185 1732 4255 ad
1785 4186 2181 4276 petitionem
2214 4186 2493 4257 Abbatis
2524 4197 2590 4255 et
2627 4185 2764 4257 fra-

216 4286 406 4343 trum
459 4275 755 4347 ‹visitans
810 4276 1019 4346 homo
1075 4274 1237 4358 Dei,
1303 4274 1805 4345 moribundum
1869 4275 2128 4346 invenit
2174 4276 2527 4346 hominem
2560 4330 2575 4357 ‚
2642 4276 2766 4363 qui

213 4373 600 4435 extremum
652 4364 974 4456 spiritum
1031 4363 1300 4434 trahere
1371 4352 1738 4433 videremr.
1794 4365 2193 4436 Consolatus
2262 4365 2492 4524 itaque
2559 4365 2767 4435 mise·

212 4473 403 4536 rum,
448 4464 513 4523 et
559 4453 720 4524 data
766 4452 1247 4524 benedictione
1293 4451 1677 4544 egrediens,
1722 4452 1902 4529 sicut
1946 4466 2183 4546 postea
2228 4476 2357 4527 con
2390 4476 2587 4526 essus
2634 4468 2758 4536 est,

376 4574 620 4632 stu-ius
648 4602 668 4617 ·
702 4571 866 4633 Vitae
890 4571 1004 4635 88.
1028 4602 1055 4616 ·
1080 4568 1212 4634 Vol.
1242 4569 1399 4634 VIII.
2528 4574 2604 4633 33
