3308 5004
711 340 844 407 ΗΟ
1199 355 1281 404 nn
1321 355 1415 404 ss.
1468 354 1722 404 Anum
1768 353 2044 403 mmmm
2090 353 2168 402 n·
2215 352 2418 404 socus
2465 355 2581 404 n.
2847 334 3022 402 ΑΗΕ.
3069 335 3139 400 49

622 442 876 535 partim
940 440 1568 522 assentationibuS,
1635 439 1885 530 partim
1942 438 2201 521 miniS,
2261 439 2521 541 partim
2578 436 3140 510 admonitionibus

620 553 798 602 usus
844 541 993 600 est:
1046 550 1736 618 commemoransque
1769 550 1977 599 suum
2013 529 2083 597 in
2120 527 2546 599 Christianos
2584 527 2821 599 odium
2866 537 2931 598 et
2973 547 3138 597 acer·

622 620 931 700 hitatem,
974 641 1096 710 per
1141 618 1329 709 ipsos
1376 618 1854 689 internuncios
1882 617 1948 687 ei
1987 616 2309 687 dicebat:
2361 623 2530 690 Cum
2588 616 2875 698 noveris,
2924 637 3142 704 quem-

622 707 1001 779 admodum
1038 720 1103 779 et
1132 707 1463 795 qualibus
1513 706 1872 778 tormentis
1920 705 2321 777 sustulerim
2373 706 2789 797 Eutychium
2828 703 3140 796 Polyeucti

622 797 875 880 filium,
933 810 1000 868 et
1051 797 1307 868 multos
1352 817 1591 866 eorum
1638 796 1763 885 qui
1809 816 1952 865 una
2010 816 2172 865 cum
2225 794 2346 865 illo
2393 796 2641 867 Christi
2699 794 2901 864 fidem
2949 793 3139 865 secuti

624 899 812 967 sunt,
877 908 956 956 ac
1010 885 1597 974 quemadmodum
1650 885 1997 954 neminem
2047 884 2361 975 ipsorum
2418 884 2888 956 misericordia
2932 903 3137 974 prose-

622 988 830 1046 cutus
861 974 1135 1057 fuerim,
1176 986 1248 1044 tu
1278 995 1416 1063 quo
1448 994 1634 1044 nunc
1670 972 1984 1055 consili0,
2028 984 2148 1044 aut
2185 994 2324 1061 qua
2364 994 2485 1064 spe
2520 973 2823 1044 hominis
2850 972 2918 1042 in
2952 976 3134 1043 Cruce

623 1063 856 1134 suffixi
886 1064 1302 1134 mentionem
1349 1063 1681 1154 proponis
1707 1066 1739 1132 Y

712 1155 750 1242 ξ
796 1158 885 1226 5.
938 1152 1029 1222 Ad
1084 1152 1251 1222 haec
1292 1151 1594 1221 Andreas
1643 1150 2042 1242 respondit:
2098 1172 2134 1217 «
2165 1150 2455 1221 Maxime
2489 1151 2639 1223 istis
2689 1150 2932 1232 verbis,
2981 1167 3134 1237 quae

623 1240 840 1324 dicit,
904 1241 1359 1313 constantiam
1415 1261 1635 1322 meam
1684 1240 2057 1311 Antiochus
2104 1240 2520 1310 corroborat.
2574 1246 2742 1310 Nam
2792 1241 2850 1309 si
2895 1257 3128 1315 omnes,

623 1353 800 1419 quos
843 1330 1250 1400 nominatim
1288 1329 1592 1421 protulit,
1649 1328 1977 1420 gravibus
2016 1329 2375 1398 tormentis
2413 1330 2502 1401 ab
2553 1329 2669 1399 illo
2701 1328 3003 1419 subjecti,
3051 1325 3135 1393 vi-

623 1433 844 1490 ctores
892 1420 1115 1510 ipsius
1160 1419 1550 1501 extiterunt,
1603 1429 1670 1488 et
1715 1417 1979 1488 Christo
2029 1423 2160 1487 Deo
2208 1419 2514 1489 coronati
2554 1417 2848 1488 athletae
2884 1414 3132 1510 adstite7

588 1522 811 1590 ‹runt,
862 1530 1076 1597 quare
1125 1529 1261 1578 non
1311 1521 1377 1577 et
1423 1529 1550 1599 ego
1596 1506 1873 1577 studere
1912 1506 2127 1576 debeo
2159 1507 2454 1588 amicus,
2498 1507 2598 1578 vel
2637 1507 2866 1597 potius
2896 1503 3132 1575 Domini

624 1598 762 1668 mei
790 1603 957 1668 Jesu
991 1597 1238 1668 Christi
1269 1618 1531 1678 servm,
1568 1596 1763 1667 omni
1797 1607 2100 1686 tempore
2142 1617 2567 1686 permanere,
2605 1609 2682 1667 ut
2720 1595 2953 1666 eadem
2983 1611 3134 1679 quae

623 1686 753 1769 illi,
790 1707 1176 1774 consequar
1210 1685 1571 1776 praemia?
1602 1708 1638 1752 »
1690 1690 1827 1756 Has
1878 1706 2073 1755 voces
2115 1706 2236 1775 per
2273 1706 2412 1767 θος,
2457 1686 2580 1773 qui
2613 1683 2942 1764 celeriter,
2983 1698 3133 1768 quae

623 1774 1056 1857 dicebantur,
1094 1774 1547 1865 excipiebant,
1595 1786 1665 1844 et
1705 1773 1920 1843 literis
1968 1772 2417 1855 mandabant,
2469 1796 2511 1844 a
2558 1786 2795 1845 sancto
2837 1773 2974 1841 viro
3005 1789 3134 1859 pro-

624 1864 800 1934 latas
828 1865 1090 1954 accepit
1137 1864 1510 1934 Antiochus
1558 1862 1674 1933 ille
1705 1875 2069 1964 'arroganS‚
2123 1873 2188 1932 et
2234 1885 2274 1932 a
2324 1863 2438 1932 Dei
2480 1863 2728 1954 pietate
2758 1862 3128 1932 abhorrens.

624 1975 924 2041 eumque
961 1953 1268 2023 vinctum
1305 1952 1390 2021 ad
1426 1974 1498 2022 se
1527 1951 1689 2021 duci
1714 1954 1948 2042 jusstt,
1996 1964 2061 2021 et
2112 1951 2441 2022 omnibus
2479 1952 2922 2022 audientibus
2952 1948 3134 2016 inter-

625 2063 703 2111 ro
753 2043 877 2124 ari,
918 2054 983 2111 et
1014 2055 1246 2132 aperte
1268 2041 1488 2123 fateri,
1524 2062 1687 2109 num
1716 2041 2163 2130 Imperatoris
2187 2040 2434 2121 edicto,
2466 2063 2552 2111 an
2582 2063 2713 2111 suo
2741 2045 2894 2122 Deo,
2930 2037 3134 2128 parere

626 2152 704 2200 ve
762 2143 848 2201 et.
885 2130 1010 2201 Ille
1041 2141 1268 2201 autem
1312 2129 1791 2221 praesentibus
1820 2129 2247 2209 hominibuS,
2290 2129 2586 2220 Angelis,
2629 2143 2697 2200 et
2738 2141 2870 2200 tota
2908 2135 3133 2228 specta-

624 2219 757 2289 bili·
810 2231 874 2290 et
929 2232 1154 2290 creata
1212 2231 1456 2289 natura
1486 2274 1501 2302 ‚
1553 2219 1879 2288 distincte
1909 2273 1924 2301 ,
1979 2231 2212 2309 aperte
2257 2231 2324 2288 et
2359 2218 2788 2290 confidenter
2826 2218 3129 2289 Christum

624 2307 981 2379 confessus
1029 2320 1153 2379 est.
1217 2312 1456 2396 Itaque
1496 2307 2045 2399 superbissimus
2101 2313 2379 2379 Praeses
2427 2309 2952 2381 acerbissimum
2996 2322 3131 2390 sup·

625 2396 912 2488 plicium
938 2397 1267 2467 adversus
1306 2393 1503 2467 illum
1527 2396 1976 2487 excogitabat,
2019 2408 2084 2466 et
2122 2395 2345 2465 ironia
2387 2396 2689 2483 quadam
2732 2408 2949 2468 utens:
2991 2395 3131 2474 Quo·

623 2487 839 2570 niam,
895 2488 1142 2577 inquit,
1199 2486 1494 2558 multum
1548 2485 1805 2557 laboris
1852 2486 2153 2556 Andreas
2183 2485 2254 2554 in
2291 2484 2487 2558 bellis
2536 2508 2904 2579 perpessus
2935 2492 3047 2581 9⁵²3
3078 2489 3128 2546 θῐ

622 2576 929 2648 victoriis
978 2599 1112 2647 non
1165 2577 1408 2667 paucis
1453 2588 1824 2647 coronatus
1867 2575 2021 2657 fuit,
2088 2574 2517 2647 remissionis
2565 2587 2631 2645 et
2683 2572 2934 2664 requiei
2978 2586 3128 2637 viam

624 2687 704 2735 ac
736 2666 1066 2737 rationem
1101 2665 1233 2756 ipsi
1265 2666 1828 2755 excogitavimus.
1880 2663 2101 2734 Jussit
2132 2664 2348 2754 igitur
2378 2686 2658 2734 aereum
2694 2665 2935 2735 lectum
2969 2677 3127 2727 com·

627 2756 837 2846 poni:
941 2754 1010 2824 ui
1059 2776 1217 2825 cum
1271 2754 1467 2824 valde
1504 2775 1839 2825 accensus
1887 2751 2150 2833 fuisset,
2195 2765 2509 2824 sanctum
2562 2754 2788 2823 virum
2830 2748 3126 2820 Andream

624 2866 838 2935 supra
886 2778 1084 2913 illum
1138 2844 1299 2934 poni
1342 2844 1576 2932 jussit.
1632 2847 1708 2912 At
1756 2842 1870 2912 ille
1922 2841 2264 2932 praesenti
2309 2854 2374 2910 et
2421 2841 2634 2912 alacri
2685 2842 2911 2912 animo
2954 2837 3017 2905 in
3054 2831 3130 2934 le-

623 2943 811 3002 ctum
862 2932 1089 3013 illum,
1146 2945 1494 3019 tamquam
1546 2932 1614 3000 in
1671 2929 1876 3000 molle
1908 2928 2188 3018 aliquod
2244 2941 2560 3013 stratum,
2617 2929 2922 3008 insilivit,
2972 2933 3029 2993 et
3071 2939 3127 2988 ln

624 3020 745 3090 illo
770 3020 1122 3102 decubuit,
1161 3021 1527 3111 statimque
1558 3019 2026 3090 vehementem
2051 3019 2435 3089 cruciatum
2467 3021 2707 3102 sensit,
2754 3039 2908 3089 cum
2941 3021 3126 3083 totum

624 3108 779 3197 ejus
802 3131 1055 3200 corpus
1086 3109 1629 3190 combureretur,
1653 3120 1719 3178 et
1744 3106 2052 3195 undique
2083 3108 2266 3199 ignis
2297 3106 2539 3178 ardore
2567 3108 2978 3179 fervesceret.
3004 3103 3128 3168 Mox

623 3219 785 3267 vero
821 3211 1096 3299 propter
1122 3198 1451 3267 eximium
1478 3198 1637 3267 fidei
1667 3219 1832 3266 suae
1857 3195 2214 3279 fervorem,
2244 3197 2549 3285 requiem
2587 3210 2654 3267 et
2683 3192 3125 3267 recreationem

626 3285 893 3368 habuit,
947 3309 1105 3356 cum
1145 3287 1327 3376 ignis
1366 3287 1514 3377 ipse
1549 3286 1894 3355 relaxatus
1926 3298 2126 3356 esset.

713 3377 867 3463 §a
908 3376 1110 3445 Duxit
1136 3375 1341 3444 etiam
1378 3375 1681 3445 nefarius
1716 3374 1830 3443 ille
1860 3373 2081 3444 Judex
2110 3373 2444 3462 quosdam
2479 3396 2560 3444 ex
2591 3394 2828 3445 eorum
2857 3365 3117 3440 militum

625 3484 943 3544 numer0,
979 3465 1099 3551 qui
1139 3485 1278 3532 una
1316 3485 1474 3532 cum
1511 3464 1663 3565 ipso
1696 3475 1970 3534 strenue
2011 3464 2081 3531 in
2132 3462 2313 3534 bello
2359 3485 2431 3533 se
2460 3473 2854 3565 gesserant,
2903 3467 2965 3527 et
2998 3467 3123 3520 vere

627 3553 699 3621 in
745 3557 954 3622 Deum
1010 3552 1480 3634 crediderant,
1525 3574 1976 3643 Ipsorumque
2011 3573 2263 3623 manus
2317 3552 2388 3620 in
2446 3552 2700 3644 lignis,
2760 3545 3122 3641 quadratam

624 3642 922 3734 figuram
990 3641 1450 3722 habentibuS,
1508 3639 1739 3731 suffigi
1793 3641 2050 3730 jussit:
2108 3640 2476 3728 ridensque
2523 3643 2610 3711 ab
2659 3641 2758 3711 eis
2802 3635 3119 3726 quaesmt,

624 3753 796 3801 num
829 3752 907 3802 ea
943 3752 1048 3800 res
1081 3742 1258 3802 esset
1293 3730 1431 3799 illis
1466 3729 1818 3820 voluptati.
1875 3735 2173 3820 Repente
2220 3728 2323 3798 illi
2358 3730 2590 3800 animo
2622 3727 2815 3799 valde
2825 3725 3123 3882 (prompto

625 3819 759 3891 sibi
807 3842 957 3889 eam
999 3842 1142 3889 rem
1189 3818 1778 3908 jucundissimam
1829 3840 1977 3890 esse
2025 3817 2508 3901 affirmarunt,
2571 3819 2737 3889 haec
2783 3838 2818 3884 a
2870 3811 3114 3901 dentes:
3159 3824 3166 3837 ·

625 3932 662 3977 «
694 3909 963 3980 Utinam
1003 3909 1249 3979 Christi
1282 3909 1502 3978 simus
1535 3908 1936 3989 imitatoreS‚
1976 3908 2098 3996 qui
2131 3919 2409 3998 propter
2446 3930 2571 3978 nos
2606 3908 2675 3976 in
2713 3906 2891 4006 ligno
2923 3901 3123 3967 Cruc1s

624 3998 914 4070 suffixus
954 3997 1155 4068 fuit.»
1203 3998 1535 4088 Deinceps
1575 3996 1662 4066 ad
1704 3997 2016 4066 divinum
2051 3995 2386 4066 Andream
2422 4007 2753 4085 tyrannus
2785 3999 3118 4087 interroga·

626 4088 844 4158 tiones
877 4110 1041 4159 suas
1073 4099 1497 4168 convertens,
1550 4086 1932 4177 periculum
1971 4084 2285 4167 faciebat,
2340 4107 2503 4154 num
2543 4086 2742 4155 talem
2773 4082 3117 4175 cruciatum

624 4190 967 4266 expertus„
1013 4176 1420 4247 sententiam
1460 4188 1814 4256 mutasset,
1858 4186 1924 4243 et
1980 4197 2018 4244 a
2066 4174 2609 4245 Christianorum
2663 4171 2796 4242 fide
2841 4171 3116 4248 animun!

626 4266 999 4335 avertisset.
1056 4266 1180 4335 Sed
1219 4287 1379 4336 cum
1423 4265 1483 4336 is
1531 4264 1998 4354 respondisset
2045 4285 2117 4333 se
2163 4283 2484 4334 coronam
2524 4263 2735 4342 illam,
2769 4272 2987 4346 quam,
3019 4259 3118 4330 ‘11¹¹

627 4350 712 4420 ad
765 4352 969 4422 finem
1023 4376 1242 4441 usque
1291 4355 1690 4445 patientiam
1741 4353 2057 4434 retinent,
2111 4351 2640 4442 adipiscuntur,
2693 4372 2730 4419 a
2781 4351 2901 4414 Deo
2946 4351 3118 4423 expe‘

624 4451 833 4522 ctare,
873 4464 1093 4529 neque
1126 4464 1435 4530 unquam
1478 4444 1565 4513 ab
1605 4442 1692 4512 iis
1740 4464 1917 4532 quae
1966 4453 2144 4511 recte
2190 4453 2255 4511 et
2302 4440 2598 4512 firmiter
2651 4444 2888 4511 statuta
2933 4429 3112 4496 sunt,
