3308 5004
216 320 360 386 AUG.
400 319 437 383 2
868 336 948 383 nn
995 337 1050 383 s.
1103 333 1429 383 Abraouso
1476 336 1544 382 ιι.
1600 335 1681 382 na
1727 335 1979 385 meoiuo
2513 318 2598 385 73

211 462 377 527 CArur
415 461 525 526 III.
576 456 991 547 Alphea-sua,
1023 457 1114 526 ad
1158 457 1631 549 Episcopatum
1682 468 1963 540 evectuS,
2017 459 2316 528 omnibus
2364 459 2518 528 boni
2560 463 2690 528 Pa-

275 548 439 616 stom's
481 546 844 615 virtutibus
869 547 1189 637 resulyet.

271 692 301 777 ξ
336 696 406 762 1.
452 688 763 771 Quadam
812 688 947 769 die,
1000 688 1166 758 dum
1196 688 1610 779 AlphonsuS,
1650 711 1812 759 cum
1855 690 2279 761 amicissimo
2319 690 2452 762 sibi
2492 696 2690 762 Prae-

210 778 339 859 sule,
367 778 445 847 de
472 777 986 857 misericordiis,
1023 777 1280 865 quibus
1308 778 1377 846 in
1416 801 1488 849 se
1520 782 1698 847 Deus
1723 800 1896 848 usus
1925 792 2122 860 esset,
2156 779 2688 867 colloqueretur:

210 872 351 937 «Est
387 866 671 1024 ginquit)
714 878 780 936 et
826 865 999 936 illud
1053 867 1223 936 mihi
1270 867 1449 936 inter
1497 866 1798 936 maxima
1842 868 2014 936 Jesu
2063 868 2312 937 Christi
2355 869 2691 939 beneficia

205 956 382 1026 haben
434 977 593 1036 um,
647 954 830 1042 quod
878 977 914 1025 e
967 956 1315 1045 iscopatus
1366 955 1672 1044 periculo
1723 977 1830 1024 me
1876 956 1975 1025 eri
2028 978 2140 1025 ere
2197 955 2526 1047 dignatus
2574 959 2687 1028 sit.

202 1042 354 1126 Quod
398 1044 635 1130 utique
683 1044 915 1133 pericu
949 1046 1071 1114 um'
1120 1065 1254 1113 non
1304 1043 1488 1114 facili
1538 1044 1810 1134 negotio
1859 1044 1984 1114 dec
2017 1045 2335 1114 inaturus
2375 1045 2687 1137 fuissem,

200 1132 242 1201 si
280 1132 338 1201 in
388 1154 533 1202 mea
577 1133 981 1202 mansissem
1031 1132 1317 1201 familia.
1358 1155 1395 1200 »
1445 1138 1522 1201 Et
1557 1133 1722 1202 haec
1754 1133 2034 1219 quidem
2086 1134 2303 1203 sancti
2342 1135 2478 1203 Viri
2515 1135 2692 1204 laeta

196 1220 297 1290 fuit
336 1221 720 1291 declaratio,
766 1221 893 1292 Sed
933 1221 1109 1291 eheu
1145 1225 1162 1290 l
1211 1221 1447 1291 eodem
1485 1221 1622 1291 fere
1658 1221 1773 1290 illo
1824 1236 2152 1312 tempore,
2191 1236 2333 1292 tum
2379 1223 2683 1313 Neapoli,

200 1322 312 1379 tum
359 1315 609 1379 Romae
640 1309 726 1381 de
760 1310 1170 1401 Episcopatu
1217 1311 1349 1400 ipsi
1388 1311 1806 1401 imponendo
1845 1311 2215 1380 consilium
2250 1312 2675 1400 capiebatur.

193 1403 297 1467 Nec
340 1399 551 1468 multo
604 1411 775 1488 post,
828 1399 1106 1488 Neapoli
1154 1400 1511 1469 Nuceriam
1564 1405 1997 1489 Paganorum
2037 1421 2078 1469 a
2107 1400 2372 1469 Nuncio
2411 1405 2692 1491 Aposto-

196 1485 299 1556 lico
332 1488 583 1557 missus
628 1500 730 1559 est
775 1488 894 1575 qui
942 1487 1288 1576 Alphonso
1337 1488 1593 1557 litteras
1657 1488 1991 1568 redderet,
2045 1489 2113 1557 in
2167 1489 2424 1574 quibus
2471 1491 2693 1581 signi-

191 1574 512 1657 ficabatur,
567 1577 798 1666 ipsum
835 1576 1174 1648 Ecclesiae
1214 1582 1276 1646 S.
1332 1577 1628 1667 Agathae
1661 1578 2062 1657 Gothorum,
2097 1598 2274 1663 quae
2313 1600 2533 1665 nuper
2565 1600 2690 1649 suo

192 1663 430 1734 viduata
474 1664 700 1735 fuerat
744 1670 1019 1736 Pastore
1050 1720 1067 1747 ,
1129 1688 1168 1734 a
1231 1670 1514 1736 Summo
1564 1666 1889 1735 Pontifice
1946 1665 2288 1735 Clemente
2340 1671 2494 1737 XIII
2542 1687 2693 1738 esse

189 1752 599 1841 praefectum.
640 1758 776 1824 Has
810 1753 1068 1824 litteras
1098 1776 1256 1824 cum
1301 1753 1576 1843 legisset
1608 1753 2024 1844 AlphonsuS,
2084 1754 2265 1823 haud
2313 1754 2512 1824 aliter
2544 1770 2693 1825 stu-

188 1843 328 1929 puit,
356 1865 434 1912 ac
463 1843 524 1912 si
556 1841 872 1912 fulminis
900 1843 1038 1912 ictu
1068 1843 1307 1913 fuisset
1338 1842 1722 1931 perculsus.
1757 1849 1849 1913 Re
1874 1843 2216 1933 extemplo
2248 1864 2366 1931 per
2399 1843 2685 1914 domum

184 1930 490 2021 evulgata,
544 1931 616 1999 in
668 1933 884 2001 sancti
934 1932 1151 2002 Patris
1179 1931 1407 2001 cubile
1444 1931 1754 2018 undique
1793 1932 2206 2001 accurritur.
2248 1936 2418 2001 Eum
2450 1954 2692 2004 omnes

185 2018 511 2090 offendunt
558 2020 747 2089 curis
792 2043 830 2089 a
884 2020 1151 2100 statum,
1203 2020 1548 2110 elinguem
1600 2034 1804 2107 atque
1851 2021 2148 2090 effusum
2194 2020 2262 2089 in
2319 2021 2685 2112 lacrymas,

184 2109 518 2195 Postquam
571 2131 644 2178 se
692 2043 1045 2199 paufisper
1090 2108 1478 2198 recepisset,
1531 2130 1610 2177 ac
1661 2130 1895 2178 secum
1949 2121 2264 2199 reputare
2313 2111 2688 2201 coepisset,

183 2196 492 2283 ejusmodi
545 2197 1084 2267 nominationem
1136 2198 1420 2266 fortasse
1468 2196 1639 2266 nihil
1691 2197 1879 2267 aliud
1931 2219 2102 2279 esse,
2146 2220 2354 2284 quam
2412 2198 2693 2270 honoris

182 2298 355 2371 atque
382 2285 911 2357 existimationis
943 2287 1544 2377 significationem,
1589 2287 1802 2355 animi
1856 2286 2420 2372 tranquillitatem
2471 2287 2693 2375 quad·

184 2386 448 2444 antenus
496 2374 968 2465 recuperavit;
1019 2388 1084 2445 et
1132 2375 1200 2443 in
1260 2396 1454 2464 spem
1522 2376 1703 2444 venit
1751 2374 1892 2444 fore
1941 2388 2060 2457 ut,
2119 2396 2237 2464 per
2293 2375 2686 2465 simplicem

184 2464 733 2535 renuntiationem
766 2518 783 2546 ,
831 2476 1096 2534 tantum
1135 2486 1176 2533 a
1224 2485 1295 2534 se
1342 2485 1521 2534 onus
1570 2463 1917 2534 declinare
1969 2475 2217 2554 posset.
2274 2467 2579 2536 Fuerunt
2626 2477 2693 2535 et

182 2549 276 2619 alii
303 2552 366 2620 in
400 2553 643 2623 eadem
678 2552 1013 2624 sententia
1043 2576 1058 2620 :
1111 2552 1506 2641 Tranquillo
1536 2566 1680 2623 esto
1714 2554 1971 2632 animo,
2029 2552 2386 2641 inquiebat
2425 2558 2493 2622 P.
2534 2559 2693 2624 Fer-

180 2658 329 2722 rara,
383 2642 644 2712 talibus
678 2641 1304 2712 renuntiationibus
1336 2641 1533 2712 facile
1565 2642 1924 2711 annuitur.
1962 2647 2116 2722 Nec,
2154 2641 2322 2728 quid
2369 2641 2489 2710 tibi
2522 2642 2690 2712 olim

181 2731 492 2813 evenerit,
547 2729 804 2800 oblitus
850 2752 961 2813 es;
1017 2752 1173 2799 nam
1230 2742 1585 2820 postquam
1637 2729 2163 2800 Panormitanae
2219 2729 2375 2800 Sedi
2432 2752 2693 2801 renun-

184 2816 381 2898 tiaras,
425 2820 662 2889 omnis
698 2819 929 2889 statim
968 2818 1255 2888 ulterior
1281 2819 1537 2888 oblatio
1576 2819 1989 2906 conquievit.

247 2907 280 2993 ὅ
325 2911 410 2977 2.
464 2907 816 2978 Pacatiore
861 2907 1076 2998 igitur
1121 2908 1394 2988 animo,
1448 2906 1803 2977 confestim
1857 2912 2141 2977 Romam
2189 2907 2541 2998 rescripsit
2586 2907 2695 2979 Al-

218 2992 484 3078 honsus,
540 3019 617 3067 se
666 3019 771 3066 ma
826 3018 950 3067 nas
996 2996 1276 3084 quidem
1329 2999 1614 3066 Summo
1662 2995 2001 3077 Pontifici,
2049 3017 2172 3086 pro
2220 2996 2452 3086 Ipsius
2498 2997 2567 3066 in
2620 3019 2694 3069 se

251 3085 650 3166 nevolentia,
706 3086 790 3154 ha
843 3107 955 3155 ere
1002 3108 1083 3154 ac
1135 3084 1516 3175 persolvere
1563 3085 1860 3175 gratias;
1916 3106 1986 3154 se
2034 3097 2259 3154 tamen
2311 3086 2686 3176 episcopali

184 3167 463 3262 dignitati
516 3196 599 3245 ac
650 3173 920 3244 muneri
971 3174 1386 3244 renuntiare,
1444 3187 1586 3242 tum
1638 3175 1804 3260 quia
1851 3172 1933 3241 ad
1973 3172 2122 3242 ‘tale
2160 3171 2466 3243 officium
2514 3189 2693 3246 esset

182 3257 445 3350 ineptus,
505 3275 657 3334 tum
705 3263 869 3350 quia
918 3262 1107 3332 senio
1153 3275 1219 3332 et
1265 3261 1504 3331 multis
1553 3261 2077 3332 infirmitatibus
2131 3261 2494 3343 laboraret,
2540 3276 2687 3335 tum

183 3349 315 3432 quia
360 3363 511 3421 voto
562 3373 637 3423 se
683 3349 1180 3431 obstrinxisset,
1233 3371 1318 3420 ne
1366 3371 1674 3438 unquam
1726 3351 2197 3441 episcopatum
2249 3364 2684 3441 acceptaret,

187 3447 301 3505 tum
350 3454 700 3530 postremo
746 3440 910 3527 quia
960 3439 1115 3509 talis
1163 3439 1499 3530 promotio
1538 3440 1837 3528 pessimo
1885 3439 2033 3509 suis
2073 3438 2429 3510 sodalibus
2459 3441 2689 3511 futura

186 3539 329 3596 esset
367 3528 711 3619 exemplo.
778 3532 925 3611 Quo
971 3528 1376 3597 transmisso
1439 3548 1815 3628 respon50‚
1882 3527 1968 3596 ad
2021 3533 2518 3617 Congregatum
2569 3530 2693 3617 qui

186 3608 323 3684 forte
362 3617 621 3687 aderat
651 3639 724 3687 se
770 3628 1213 3687 convertens:
1266 3639 1302 3683 «
1330 3621 1424 3685 En
1468 3615 1487 3684 i
1545 3631 1682 3686 itur
1723 3615 2016 3717 (inquit)
2061 3629 2193 3686 tem
2252 3639 2337 3686 us
2367 3617 2552 3705 quod
2590 3639 2693 3688 re-

191 3717 313 3772 vera
336 3703 602 3777 laevum
631 3727 712 3775 ac
740 3718 1253 3796 praeposterum
1275 3705 1480 3775 dicen
1537 3728 1656 3774 um
1683 3718 1807 3775 est.
1842 3705 2113 3775 Scilicet
2137 3727 2171 3775 a
2252 3705 2379 3775 hoc
2407 3720 2689 3779 coactus

191 3809 336 3885 sum,
376 3808 452 3865 ut
490 3816 633 3864 non
685 3795 910 3865 solum
962 3794 1265 3884 integrae
1315 3792 1565 3874 horae,
1626 3794 1746 3863 sed
1807 3806 1875 3864 et
1932 3807 2232 3882 quatuor
2278 3794 2688 3866 ducatorum

189 3893 480 3960 jacturam
510 3883 838 3964 facerem,
872 3894 938 3952 et
969 3882 1099 3953 hoc
1129 3882 1409 3970 quidem
1444 3903 1565 3972 pro
1617 3904 1687 3951 re
1720 3882 2031 3952 omnium
2071 3883 2688 3974 injucundissima.

196 3967 478 4061 liquidem
532 3993 673 4042 non
724 3984 1182 4063 permutarem
1234 3976 1491 4061 Congre
1541 3970 1837 4040 ationem
1889 3994 2049 4042 curn
2087 3973 2431 4042 universis
2477 3984 2695 4043 terrae

200 4060 485 4146 tmperiis,
515 4083 555 4129 »
582 4099 673 4111 -·
695 4065 982 4142 Interea,
1015 4082 1154 4148 quo
1178 4061 1431 4130 certius
1454 4066 1502 4129 A
1536 4060 1848 4150 phonsus
1877 4073 2010 4129 tam
2047 4059 2479 4130 tremendum
2511 4083 2694 4133 onus

202 4160 306 4215 ase
329 4162 682 4231 averteret,
720 4161 1085 4221 consuetas
1114 4171 1278 4219 suas
1361 4149 1736 4219 recationes
1768 4147 2251 4238 multiplicavit
2282 4163 2346 4218 et
2384 4151 2692 4239 corporis

206 4237 740 4322 mortificationes,
775 4238 1141 4330 affligendo
1180 4259 1253 4307 se
1332 4236 1598 4328 agelliS‚
1645 4237 1934 4328 jejuniis
1984 4237 2396 4328 vigiliisque.
2441 4242 2693 4329 Depre-

211 4326 501 4399 catoribus'
566 4328 775 4397 etiam
844 4328 980 4398 sibi
1026 4326 1113 4396 ad
1168 4327 1509 4396 Christum
1565 4347 1646 4395 ac
1698 4325 2057 4415 Deiparam
2117 4326 2459 4418 Virginem
2520 4350 2692 4400 usus

215 4420 296 4490 Ν,
334 4426 473 4487 tum
510 4416 1070 4508 congregationis
1102 4412 1443 4498 alumniS,
1498 4425 1643 4485 tum
1696 4414 2020 4506 plurimis
2066 4415 2223 4485 aliis
2270 4416 2681 4499 animabus,
