3308 5004
191 358 378 425 AUG.
432 358 516 422 27
874 373 955 421 ns
1000 373 1057 421 s‘.
1109 372 1386 422 Josnrno
1431 372 1815 423 musnet.
1869 373 2055 423 comt.
2524 339 2685 425 671'

186 480 403 547 quum
454 457 906 534 commissum
958 457 1092 528 sibi
1144 457 1513 547 peculiaris
1560 479 1639 528 as
1688 459 2103 534 errimorum
2158 457 2465 530 locorum
2509 461 2740 532 visita·

191 548 397 621 tionis
446 568 706 617 munus
751 545 1074 639 expleret.
1129 547 1337 617 Multa
1386 548 1521 620 sibi
1572 569 1642 617 re
1674 562 1784 618 ata
1831 549 1903 617 in
1958 547 2210 618 melius
2243 603 2258 627 ‚
2313 549 2534 621 multa
2584 572 2742 640 pro·

190 638 332 708 visa
385 635 781 727 prudenter,
835 635 1060 727 magis
1110 641 1467 727 propterea
1514 637 1868 706 exhaustis
1900 636 2282 718 laboribuS,
2329 651 2534 726 atque
2565 639 2739 711 adeo

190 748 324 797 non
376 724 587 795 semel
636 724 823 794 adito
872 725 1046 794 vitae
1098 724 1427 814 periculo.
1481 725 1932 798 Barcinonem
1965 724 2218 796 deinde
2257 727 2445 816 regia
2480 728 2740 800 missus

186 815 609 894 auctoritate,
663 812 951 883 scissam
993 814 1062 882 in
1102 813 1433 885 factiones
1480 814 1660 884 duas
1706 814 2076 896 civitatem,
2123 827 2327 902 atque
2356 816 2423 884 in
2461 830 2742 887 mutuas

191 925 345 974 mox
391 901 639 973 caedes
686 900 1081 972 foedissime
1129 903 1470 972 ruituram
1517 902 1731 993 (quod
1772 915 2010 994 optare
2053 904 2297 994 magis»,
2338 926 2546 992 quam
2583 927 2740 996 spe-

190 1014 340 1063 rare
387 992 572 1062 cives
622 990 932 1091 possent)
966 990 1061 1060 ad
1112 990 1550 1061 concordiam
1601 1003 1669 1062 et
1763 1013 1982 1074 acem,
2021 992 2314 1062 consilio
2343 1004 2410 1062 et
2441 993 2617 1063 susis
2648 993 2736 1064 ad

188 1086 401 1152 Deum
454 1081 822 1171 precibu8‚
876 1080 1239 1150 revocavit.
1293 1079 1656 1151 charitatis
1762 1103 1843 1151 oc
1907 1092 1973 1151 et
2039 1081 2494 1171 prudentiae,
2558 1081 2736 1156 illud

185 1169 404 1240 animi
449 1168 896 1240 demissionis
942 1168 1093 1250 fuit,
1144 1168 1356 1257 quod,
1407 1181 1486 1239 ut
1525 1182 1801 1260 paratos
1838 1169 1974 1240 sibi
2013 1170 2309 1241 honores
2355 1170 2731 1262 defugeret,

183 1258 410 1330 oculis
456 1257 661 1347 atque
708 1258 1019 1348 aspectui
1067 1257 1551 1349 plaudentium
1601 1258 1737 1329 sibi
1784 1258 2041 1334 civium
2090 1281 2239 1330 sese
2288 1259 2731 1341 subducenS,

185 1348 532 1507 Urgellam
584 1348 812 1420 statim
865 1367 1179 1418 reversus
1223 1359 1349 1434 est,
1402 1370 1442 1417 a
1489 1369 1626 1448 qua
1680 1361 1905 1418 tamen
1957 1348 2186 1438 majus
2223 1348 2574 1437 quoddam
2606 1350 2737 1419 hu·

184 1438 281 1507 mi
316 1437 461 1507 itati
508 1459 678 1507 suae
724 1436 984 1506 instare
1029 1438 1118 1507 ab
1170 1458 1328 1527 rege
1375 1436 1766 1527 perlculum
1816 1438 2236 1527 suspicatuS,
2280 1438 2370 1508 ob
2402 1459 2547 1507 rem
2583 1450 2738 1508 tan-

187 1538 324 1598 tam
367 1525 517 1615 jam
569 1524 1069 1616 pervulgatam,
1126 1525 1311 1596 haud
1362 1525 1457 1594 ita
1509 1526 1726 1596 multo
1776 1539 1929 1616 post
1980 1525 2450 1616 proficiscens,
2493 1527 2736 1597 aetatis

185 1637 371 1686 suae·
399 1636 587 1684 anno
635 1612 943 1684 secundo
980 1636 1197 1706 supra
1234 1614 1695 1705 trigesimum,
1733 1620 2046 1697 Romam,
2083 1633 2222 1703 quo
2253 1615 2588 1687 divinitus
2621 1637 2737 1686 vo-

183 1705 500 1784 cabatur,
540 1725 614 1773 se
650 1701 967 1773 contulit.

271 1795 309 1880 ξ
355 1797 434 1865 ’1.
488 1792 705 1861 Vitam
754 1792 826 1861 in
881 1791 1058 1861 Urbe
1103 1791 1451 1882 Josephus
1514 1791 1992 1862 absconditam
2058 1792 2437 1881 cogitabat:
2510 1792 2627 1862 sed
2694 1815 2736 1863 a

185 1878 533 1951 cardinali
582 1880 915 1951 Columna
945 1935 962 1963 ,
1013 1880 1137 1968 qui
1184 1880 1677 1971 praestantiam
1729 1880 1920 1953 illius
1974 1882 2064 1952 ab
2110 1881 2452 1980 Episcopo
2499 1880 2738 1973 Urgel-

188 1969 366 2040 lensi
414 1982 849 2060 cognoverat,
906 1970 976 2038 in
1026 1969 1262 2040 aulam
1312 1992 1508 2040 suam
1559 1969 1868 2041 adscitus
1907 1983 2033 2052 est,
2087 1982 2164 2040 ut
2203 1970 2333 2042 sibi
2378 1970 2737 2060 theologus

185 2080 227 2128 a
276 2057 527 2128 studiis
557 2113 573 2140 ‚
626 2080 707 2128 ac
755 2058 988 2128 fratris
1037 2058 1181 2128 filio
1238 2072 1582 2149 praeterea
1646 2060 1950 2151 optimae
2011 2059 2159 2150 spei
2221 2058 2735 2132 adolescentulo

188 2168 465 2216 morum
514 2146 842 2239 magister
884 2159 1085 2218 esset.
1137 2152 1388 2217 Verum
1442 2169 1575 2217 non
1629 2149 1690 2218 is
1736 2161 1882 2218 erat
1924 2148 2303 2238 Josephus‚
2356 2150 2479 2235 qui
2533 2148 2736 2218 aulae

188 2234 571 2306 honoribus
618 2259 697 2306 ca
752 2249 1004 2317 eretur,
1057 2257 1219 2306 cum
1271 2258 1406 2306 non
1458 2236 1667 2308 semel
1708 2237 2079 2338 dignitates
2116 2237 2589 2327 amplissimas
2628 2258 2737 2306 re-

185 2324 595 2414 pudiaverit.
650 2324 830 2394 llud
879 2324 1066 2393 enim
1117 2325 1248 2394 sibi
1303 2339 1752 2427 proposuerat
1789 2324 2213 2415 jamdudum
2265 2338 2342 2395 ut
2390 2330 2522 2394 Deo
2587 2346 2734 2395 ma·

178 2411 362 2482 xime
406 2427 473 2484 et
522 2413 992 2506 proximorum
1041 2413 1247 2483 saluti
1298 2413 1681 2484 inserviret.
1735 2420 1972 2502 Itaque
2019 2426 2096 2483 ut
2134 2413 2370 2505 ampla
2411 2413 2732 2483 laborum

180 2513 248 2572 et
279 2502 678 2573 meritorum
713 2515 1353 2593 segessuppeteret,
1385 2504 1697 2591 quinque
1731 2525 1803 2573 se
1827 2499 2296 2573 celeberrimis
2335 2509 2589 2572 Romae
2621 2524 2733 2571 so-

175 2590 582 2662 dalitatibus
627 2590 931 2661 adscribi
983 2591 1238 2673 voluit,
1290 2613 1672 2678 earumque
1717 2591 2192 2661 sanctissimas
2253 2591 2439 2682 leges
2491 2590 2729 2662 suble-

176 2678 426 2750 vandis
478 2680 901 2771 pauperibus
932 2733 948 2759 ‚
1003 2679 1381 2749 invisendis
1429 2680 1703 2770 aegriS,
1757 2678 2162 2749 erudiendis
2210 2680 2599 2771 agrestibus
2647 2702 2727 2750 ac

175 2768 465 2857 plebeis,
524 2781 662 2838 tam
711 2768 953 2840 sedulo
998 2791 1080 2839 ac
1128 2768 1389 2839 naviter
1433 2768 1862 2848 observabat,
1907 2780 1984 2837 ut
2024 2769 2307 2839 incenso
2341 2790 2467 2839 suo
2497 2767 2731 2839 studio

170 2869 481 2926 caeteros
507 2879 753 2927 omnes
778 2858 863 2928 ad
899 2858 1137 2927 eadem
1173 2857 1531 2927 charitatis
1563 2856 1789 2926 officia
1823 2857 2312 2927 inflammaret.
2357 2861 2730 2926 Grassante

174 2966 305 3035 per
352 2945 599 3016 Urbem
648 2945 786 3029 lue,
839 2947 955 3016 hic
984 2948 1169 3016 enim
1212 2966 1393 3025 vero,
1440 2945 1497 3015 si
1531 2967 1843 3033 unquam
1880 2958 2108 3031 antea,
2142 2945 2309 3033 quid
2344 2945 2731 3017 christiana

168 3033 478 3104 charitas
529 3035 766 3125 possit,
808 3036 1105 3106 maxime
1144 3033 1466 3104 ostendit.
1502 3034 1782 3105 Nullum
1823 3035 2010 3105 enim
2052 3035 2142 3105 ab
2170 3057 2251 3106 eo
2291 3056 2455 3135 erga
2487 3056 2732 3125 aegros

168 3135 242 3193 et
268 3144 610 3224 pauperes
640 3124 944 3194 officium
980 3122 1219 3192 defuit.
1258 3127 1406 3205 Qua
1437 3124 1720 3211 quidem
1764 3124 1832 3194 in
1868 3146 1940 3194 re
1970 3123 2485 3196 misericordiae
2523 3137 2732 3211 atque

167 3210 591 3282 humilitatis
638 3212 922 3283 assidua
967 3223 1114 3282 erat
1158 3212 1575 3282 exercitatio.
1629 3213 1811 3283 Talis
1859 3235 2162 3301 namque
2209 3235 2289 3283 ac
2330 3225 2561 3283 tantus
2594 3212 2723 3297 vir,

167 3312 504 3371 onustum
554 3301 839 3371 cibariis
884 3324 965 3370 ac
1062 3300 1410 3371 harmacis
1455 3301 1748 3372 asellum
1803 3323 1922 3392 per
1969 3302 2115 3371 vias
2164 3323 2388 3391 agere,
2441 3315 2509 3373 et
2563 3323 2728 3371 cum

167 3400 413 3459 sancto
462 3390 745 3459 Camillo
794 3390 879 3460 de
925 3395 1013 3459 Le
1043 3389 1154 3470 lis,
1188 3390 1322 3475 ‘cui
1371 3411 1444 3459 se
1490 3389 1759 3460 socium
1809 3389 2193 3470 addiderat,
2246 3389 2333 3459 ad
2369 3412 2404 3455 e
2455 3391 2726 3460 entium

166 3488 378 3565 atque
424 3478 927 3570 aegrotantium
978 3476 1219 3547 domos
1266 3477 1530 3549 deferre
1584 3500 2021 3567 nequaquam
2071 3478 2400 3549 erubesce
2452 3489 2544 3548 at.
2598 3484 2731 3550 Ne-

165 3586 306 3667 que
337 3588 494 3637 vero
532 3590 691 3638 cum
718 3566 1051 3659 juvandis
1087 3565 1418 3657 proximis
1453 3580 1721 3637 tantum
1753 3566 2084 3658 temporis
2123 3567 2530 3657 impertiret,
2569 3589 2728 3659 spa-

168 3668 346 3726 tium
398 3656 501 3725 illi
548 3656 780 3727 deerat
826 3656 914 3727 ad
961 3678 1042 3726 ea
1087 3677 1267 3743 quae
1303 3654 1534 3726 cultus
1576 3657 1694 3726 Dei
1733 3669 1919 3738 sunt,
1954 3656 2301 3727 obeunda.
2347 3656 2612 3727 Etenim
2649 3664 2748 3726 ut.

170 3757 443 3834 praeter
487 3758 752 3816 caetera
798 3768 975 3835 quae
1022 3744 1157 3816 sibi
1208 3758 1658 3847 proposuerat
1706 3744 2086 3835 Religionis
2139 3744 2404 3825 officia,
2465 3756 2729 3835 septem

170 3832 375 3905 Urbis
422 3835 773 3916 ecclesiaS,
826 3834 1008 3923 quod
1060 3857 1099 3903 a
1149 3833 1389 3904 multis
1427 3834 1575 3925 jam
1627 3833 1831 3903 annis
1879 3833 2189 3904 solemne
2238 3833 2560 3914 habebat,
2619 3833 2725 3902 in-

164 3920 438 4004 viseret,
477 3945 518 3992 a
550 3936 889 3994 nocturna
925 3924 1154 4011 quiete
1188 3935 1450 4013 partem
1485 3922 1621 3993 sibi
1664 3922 2036 3992 maximam
2071 3921 2501 3993 detrahebat.

164 4012 296 4169 se}
341 4013 423 4083 S.
479 4011 608 4081 Sed
660 4011 892 4101 majus
939 4011 1240 4102 profecto
1287 4009 1552 4099 aliquid
1581 4065 1598 4094 ,
1648 4010 1850 4099 quod·
1886 4033 2022 4082 non
2072 4011 2160 4081 ad
2212 4011 2462 4081 Urbem
2513 4007 2720 4080 modo

340 4098 424 4168 ad
474 4100 923 4171 christianam
977 4099 1482 4191 rempublicam
1536 4100 1904 4190 pertineret
1938 4153 1955 4179 ‚
2018 4100 2366 4190 Josephus
2433 4119 2726 4188 aggres-

161 4208 296 4259 sus
340 4199 463 4258 est.
517 4194 745 4272 Quum
794 4191 977 4260 enim
1030 4189 1169 4270 vir,
1235 4201 1550 4258 aeternae
1600 4188 2073 4280 proximorum
2123 4188 2373 4259 salutis
2424 4187 2726 4257 maxime

163 4274 548 4358 studiosus,
605 4279 863 4350 videret
909 4299 1163 4371 pueros
1191 4331 1208 4359 ,
1260 4277 1664 4368 praesertim
1715 4276 1997 4346 infimae
2043 4277 2271 4359 sortis,
2334 4275 2726 4346 necessaria

163 4365 623 4438 instructione
661 4390 934 4450 carere;
984 4390 1126 4457 qua
1155 4388 1236 4437 ex
1267 4388 1339 4437 re
1369 4388 1531 4436 cum
1567 4364 1845 4437 inscitia
1892 4365 2150 4456 passim
2185 4365 2351 4436 vitia
2391 4364 2724 4434 inolesce-

163 4463 347 4536 rent,
400 4456 626 4545 primo
673 4458 956 4547 quidem
1005 4468 1285 4548 sumpto
1316 4475 1443 4527 suo
1484 4454 1850 4545 magistros
1888 4454 2250 4543 quaesivit,
2283 4454 2405 4543 qui
2441 4474 2717 4545 pueroS‚
