3308 5004
733 308 863 372 756
1513 322 1591 369 ns
1638 323 1696 370 s.
1750 322 1912 370 ansa
1959 321 2128 370 vmc.
2183 321 2313 369 ιιι.
2860 302 3059 369 AUG.
3105 302 3175 368 30

654 409 1136 482 defunctorum
1185 406 1558 480 animabus
1588 460 1610 489 ,
1678 406 1778 477 vel
1829 405 1916 477 ad
1966 405 2403 497 impetranda
2466 404 2704 476 divina
2753 404 3083 477 subsidia
3118 407 3176 475 in

648 512 952 570 extremo
999 518 1219 588 agone
1281 496 1676 568 constitutis
1708 550 1724 577 ‚
1776 508 2134 566 cruentam
2197 517 2271 565 se
2306 500 2451 565 ¹Deo
2499 494 2846 565 victimam
2902 495 2998 566 ad
3045 494 3179 583 ejus

641 589 903 681 justam
954 585 1128 656 iram
1164 583 1606 655 avertendam
1638 584 1988 667 offerebat,
2031 584 2590 655 horrescentibus
2619 584 3051 672 quandoque
3076 585 3180 653 do·

649 676 954 747 mesticis
1001 674 1087 744 ad
1139 686 1275 745 tam
1343 674 1532 743 diros
1586 685 1988 744 catenarum
2054 674 2278 756 ictus;
2329 694 2628 760 quarum
2676 695 2814 745 usu
2858 674 2930 743 ei
2989 674 3180 744 inter·

649 766 856 847 dicto,
907 785 1147 834 earum
1198 764 1340 833 una
1388 763 1488 833 sic
1537 762 1882 854 triplicato
1920 762 2139 833 ductu
2168 761 2451 851 lumbos
2491 761 2781 842 latenter
2825 760 2963 832 diu
3012 783 3183 853 prae-

649 853 911 936 cinxit,
974 864 1053 923 ut
1116 872 1474 939 nunquam
1537 852 1672 922 nisi
1730 850 2189 922 maximorum
2247 850 2685 922 cruciatuum
2741 850 3084 923 ischiadis
3130 851 3181 917 ri

649 963 984 1035 apparere
1036 940 1387 1032 potuerit,
1439 962 1618 1029 quae
1670 952 1904 1031 postea
1967 939 2250 1010 nonnisi
2314 939 2807 1010 interveniente
2854 938 3181 1012 miraculo

652 1032 880 1104 soluta
928 1028 1362 1117 fuit,'cujus
1422 1029 1723 1100 annulos
1771 1043 1927 1120 post
1979 1028 2274 1120 virginis
2331 1029 2597 1099 obitum
2648 1029 2904 1098 miram
2957 1044 3025 1100 et
3082 1050 3181 1118 pe·

651 1121 1001 1212 regrinam
1065 1118 1603 1191 suaveolentiam
1672 1118 1937 1210 spirare
1996 1130 2429 1208 compertum
2496 1128 2620 1187 est.
2680 1123 2775 1189 Ne
2891 1139 2989 1190 ua
3047 1139 3179 1188 vero

653 1232 815 1301 pars
862 1207 1251 1279 innocentis
1295 1207 1699 1295 corpusculi
1749 1220 2016 1278 vacaret
2062 1230 2102 1277 a
2149 1205 2521 1308 supplicio,
2575 1206 2845 1296 poenali
2908 1230 2998 1278 us
3055 1207 3177 1276 vin·

653 1298 833 1369 culis
879 1296 1162 1368 brachia
1208 1309 1274 1367 et
1319 1296 1611 1368 lacertos
1659 1295 2019 1384 torquebat
2047 1351 2062 1374 .
2116 1308 2636 1383 urticarumque
2683 1295 3074 1386 manipulis
3112 1314 3176 1364 ac

655 1386 1022 1458 minutulis
1069 1385 1384 1456 sentibus
1433 1400 1695 1476 pectus,
1738 1384 1984 1454 axillas
2030 1407 2110 1454 ac
2143 1384 2355 1455 latera
2387 1385 2717 1466 arctabat,
2751 1398 2834 1455 ut
2870 1408 3007 1456 suo
3037 1384 3177 1454 Lilio

652 1477 835 1546 inter
871 1474 1110 1566 spinas
1146 1475 1520 1546 constituto
1565 1474 1852 1545 omnino
1898 1473 2453 1565 configuraretur
2498 1474 2667 1543 haec
2715 1479 2926 1545 Rosa.
2987 1471 3174 1544 Cilicii

653 1580 890 1656 postea
936 1588 976 1635 a
1021 1562 1199 1634 collo
1246 1563 1427 1632 infra
1475 1585 1704 1654 genua
1753 1562 2224 1654 protendentis
2270 1562 2707 1653 asperitatem
2744 1563 3024 1634 acubus
3054 1583 3174 1652 per·

655 1653 889 1723 mixtis
921 1652 1132 1734 auxit,
1185 1674 1323 1740 quo
1369 1651 1853 1742 compluribus
1891 1652 2098 1722 annis
2127 1674 2256 1722 usa
2303 1664 2427 1733 est,
2466 1650 2707 1732 donec,
2760 1652 2855 1723 ob
2884 1651 3169 1738 frequen-

658 1757 794 1813 tem
837 1741 1202 1832 sanguinis
1250 1740 1580 1811 vomitum
1599 1794 1631 1822 .,
1687 1762 1936 1811 exuere
1972 1741 2174 1830 jussa
2230 1739 2384 1811 fuit.
2454 1740 2665 1831 Cujus
2712 1740 3045 1832 supplicii
3081 1739 3166 1829 ja·

654 1844 920 1901 cturam
982 1830 1121 1900 alia
1177 1842 1358 1900 veste
1388 1885 1403 1910 ,
1458 1830 1713 1900 minori
1771 1829 2197 1902 valetudinis
2237 1829 2538 1910 damn0,
2592 1827 2707 1898 sed
2763 1851 2905 1900 non
2971 1825 3163 1900 leviori

657 1919 998 2001 molestia,
1059 1918 1580 2008 compensavit;
1642 1918 1773 1989 sub
1829 1920 1904 1987 ea
1965 1918 2151 1989 enim
2194 1940 2415 2011 poena
2467 1929 2614 1987 erat
2658 1918 2724 1988 ei
2778 1918 3162 2006 quicumque

659 2021 910 2078 motus,
966 2013 1043 2077 Et
1089 2006 1273 2096 quod
1326 2005 1464 2077 fere
1510 2006 1865 2096 singulare
1911 2019 2038 2089 est,
2092 2008 2161 2076 in
2201 2007 2598 2077 divinarum
2645 2007 3157 2077 consolationum

659 2095 1011 2166 affluentia
1046 2150 1061 2178 ,
1115 2093 1374 2183 quibus
1429 2094 1601 2166 solet
1647 2095 1978 2167 sanctitas
2024 2096 2229 2166 etiam
2284 2098 2355 2166 in
2424 2095 2622 2166 terris
2682 2096 3069 2175 abundare,
3111 2103 3161 2158 et
3270 2168 3271 2175 ἵ

660 2185 932 2275 piorum
985 2207 1145 2255 caro
1192 2185 1265 2254 in
1314 2188 1525 2255 Deum
1566 2185 1794 2255 vivum
1822 2184 2260 2274 jucundatur
2289 2197 2355 2256 et
2381 2183 2663 2266 exultat,
2700 2184 2790 2255 ab
2818 2185 2916 2255 eis
2942 2202 3159 2271 corpus
3270 2180 3271 2269 l

660 2295 864 2343 suum
910 2273 1219 2343 alienum
1259 2285 1326 2343 et
1363 2273 1687 2364 jejunum
1722 2295 1872 2343 esse
1902 2273 2210 2364 cogebat.
3270 2290 3271 2341 l

749 2365 787 2451 ἐ
833 2366 984 2435 18.
1038 2366 1297 2432 Memor
1352 2362 1646 2433 ulterius
1703 2382 1838 2432 non
1891 2363 2131 2433 decere
2188 2361 2320 2434 sub
2366 2361 2590 2453 capite
2645 2363 2917 2453 spinoso
2966 2379 3153 2429 mein·

658 2452 861 2524 brum
911 2449 1285 2523 delicatum
1337 2450 1658 2532 inveniri,
1714 2464 2133 2543 compuncta
2180 2452 2425 2523 obtutu
2459 2451 2613 2542 piae
2652 2450 2953 2542 imaginis
2976 2456 3143 2515 muto

657 2541 1027 2632 praeconio
1083 2540 1425 2610 dicentis:
1476 2545 1641 2611 Ecce
1691 2541 1906 2622 homo,
1965 2541 2260 2631 primam
2311 2562 2635 2611 coronam
2694 2538 2876 2629 capiti
2915 2553 3137 2631 suotex

657 2642 928 2701 stamno
970 2631 1316 2721 peracutis
1360 2628 1720 2702 claviculis
1770 2630 2014 2710 infixit,
2055 2644 2121 2701 et
2154 2652 2272 2720 per
2316 2629 2580 2717 aliquot
2627 2649 2821 2700 annos
2850 2645 2975 2694 non
3003 2640 3143 2693 sine

655 2719 1062 2789 vulneribus
1111 2719 1322 2792 cinxit
1353 2742 1370 2801 ;
1421 2719 1535 2789 cui
1569 2719 1640 2788 in
1688 2719 2068 2809 majoribus
2099 2719 2303 2789 annis
2341 2718 2679 2789 successit
2716 2712 3009 2793 secunda,
3040 2730 3151 2779 no-

659 2808 945 2899 naginta
998 2820 1064 2878 et
1123 2829 1366 2879 novem
1438 2806 1700 2878 aculeis
1763 2820 2028 2879 armata
2062 2865 2078 2889 ,
2130 2829 2338 2895 quam
2392 2807 2461 2876 in
2524 2806 2677 2879 dies
2740 2798 3153 2876 diversimode

658 2918 931 2987 semper
980 2897 1204 2988 magis
1251 2895 1608 2997 poenalem
1640 2951 1656 2973 ‚
1723 2910 1868 2967 arte
1928 2890 2392 2967 familiaribus
2439 2896 2750 2974 occulta,
2816 2891 3153 2992 reddebat,

655 3007 946 3073 eamque
997 2985 1274 3055 nonnisi
1322 3007 1481 3055 cum
1533 2983 1668 3055 vita
1715 2985 2005 3056 dimisit.
2066 2990 2296 3073 Neque
2340 2985 2527 3055 enim
2578 2985 2941 3056 videbatur
2980 3004 3038 3052 ei
3074 2999 3160 3048 se·
3270 3015 3271 3032 κ

659 3075 984 3164 rapbicae
1031 3075 1401 3166 magistrae
1451 3072 1650 3164 plene
1682 3073 1993 3147 induisse
2027 3074 2367 3156 habitum,
2404 3074 2538 3144 nisi
2572 3085 2638 3144 et
2668 3075 2983 3166 spineam
3010 3068 3172 3140 illius

656 3163 1147 3254 assumpsisset
1191 3185 1543 3234 coronam.
1598 3163 1829 3253 Hujus
1888 3163 2301 3234 diadematis
2366 3163 2621 3255 triplici
2677 3163 2878 3251 jactu
2912 3219 2928 3245 ,
2979 3161 3043 3229 in
3083 3161 3175 3227 Ss.
3270 3159 3271 3170 ’

656 3250 923 3322 Triadis
972 3252 1418 3323 reverentiam
1449 3306 1465 3334 ,
1519 3252 1938 3323 daemonum
2008 3251 2488 3345 suggestiones
2544 3250 2707 3322 ilico
2752 3252 3001 3345 fugare
3039 3269 3186 3319 con-
3270 3273 3271 3286 ¹

571 3427 582 3436 μ
656 3351 993 3424 sueverat,
1046 3340 1214 3412 satis
1260 3340 1595 3411 instructa
1644 3341 1812 3411 tales
1860 3342 2100 3433 spinas
2142 3363 2276 3413 non
2313 3341 2591 3422 violare,
2626 3340 2747 3412 sed
2795 3340 3049 3412 vallare
3075 3337 3189 3437 has
3270 3353 3271 3356 ’

654 3451 873 3500 rosas.
927 3430 1133 3502 Strati
1180 3430 1292 3500 sui
1338 3429 1665 3500 duritiem
1714 3451 1868 3500 eam
1916 3452 2068 3500 esse
2114 3429 2354 3512 voluit,
2409 3450 2587 3519 quae
2618 3451 2961 3501 somnum
2993 3447 3197 3588 mggis

656 3517 983 3609 abigeret,
1029 3540 1238 3607 quam
1272 3518 1721 3601 conciliaret;
1776 3520 1867 3588 ita
1916 3532 1993 3590 ut
2030 3518 2455 3591 dormiturae
2485 3518 2668 3590 idem
2700 3533 2893 3592 esset
2926 3518 3056 3591 lect
3131 3536 3200 3585 us

656 3618 723 3677 et
767 3607 1131 3695 equuleuS,
1183 3606 1475 3678 cervical
1525 3621 1646 3679 aut
1694 3609 1787 3678 im
1845 3607 2055 3679 olitus
2106 3623 2418 3690 truneuS,
2457 3621 2577 3679 aut
2605 3607 2887 3698 lapides
2919 3609 2993 3680 in
3036 3607 3205 3679 hune

655 3717 869 3767 usum
916 3696 1340 3779 absconditi;
1391 3696 1575 3784 quod
1626 3696 1788 3768 cubi
1821 3718 1858 3767 e
1907 3697 2296 3788 praeacutis
2346 3708 2578 3788 postea
2635 3698 3045 3787 tegularum
3090 3695 3207 3765 fra-

659 3785 958 3875 gmentis
991 3841 1007 3867 ,
1060 3785 1158 3857 sic
1206 3786 1558 3876 implevit,
1611 3798 1692 3857 ut
1740 3785 2181 3877 singularum
2235 3808 2393 3877 pars
2454 3801 2871 3858 mucronata
2918 3788 3211 3858 obverte-

660 3883 848 3943 retur
879 3875 1199 3965 corpori;
1249 3896 1376 3945 nec
1422 3887 1579 3946 ante
1627 3896 1700 3947 se
1746 3875 1833 3945 ad
1882 3897 2209 3946 somnum
2257 3875 2739 3967 componebat,
2777 3897 3001 3964 quam
3046 3872 3209 3945 fellis

658 3960 917 4033 haustu
962 3961 1198 4035 fauces
1243 3964 1737 4036 amaricasset.
1793 3963 1902 4036 Sic
1951 3963 2244 4036 floridus
2289 3978 2440 4035 erat
2494 3964 2712 4056 hujus
2773 3986 3094 4057 sponsae
3137 3961 3212 4033 le·

660 4050 890 4121 ctulus
918 4106 935 4134 ,
987 4064 1054 4122 et
1101 4057 1365 4144 Sponso
1411 4052 1647 4123 divino
1695 4053 1866 4124 adeo
1915 4065 2154 4155 gratus
2183 4109 2200 4136 ‚
2253 4065 2332 4126 ut
2377 4076 2526 4124 eam
2577 4053 3025 4144 quandoque
3074 4073 3210 4148 pro-

660 4152 811 4232 pter
857 4139 1026 4211 haec
1076 4141 1276 4232 plene
1320 4143 1705 4224 exanimem
1755 4142 2122 4215 visibiliter
2158 4164 2503 4235 apparens
2531 4142 2959 4216 consolatus
2995 4142 3206 4218 fuerit,

662 4229 1110 4320 proponendo
1148 4230 1211 4302 ei
1241 4229 1590 4302 duriorem
1622 4244 1689 4302 et
1718 4232 2192 4324 angustiorem
2227 4254 2435 4305 suum
2466 4230 2807 4303 lectulum
2840 4233 3205 4306 calvariae.

661 4318 784 4420 His
851 4319 1115 4391 artibus
1193 4342 1519 4400 somnum
1589 4343 1797 4393 suum
1861 4322 2046 4393 intra
2104 4320 2407 4393 duarum
2458 4320 2794 4392 horarum
2858 4320 3262 4416 angustias.

660 4409 988 4490 coercuit,
1042 4419 1108 4481 et
1151 4408 1572 4500 quandoque
1617 4411 1824 4508 etiam
1888 4411 2127 4484 minus
2198 4409 2406 4503 spatii
2465 4410 2878 4503 importuno
2936 4424 3209 4498 exacton

3226 4591 3263 4800 l
