3308 5004
173 306 381 378 Aue.
435 307 520 374 42
1088 326 1169 373 nt
1214 325 1273 374 s.
1325 323 1528 375 cuttu
1574 326 1835 376 vmsmx
2531 312 2662 378 289

178 410 613 501 incepisset,
665 409 898 501 gravis
953 409 1132 480 ictus
1201 407 1461 500 lapidis
1518 410 1675 502 ejus
1721 431 2008 481 manum
2075 411 2253 483 dura
2312 414 2755 502 quassatione

178 499 546 592 perfregit.
574 498 910 591 Expendit
938 499 1010 569 in
1063 497 1369 568 medicos
1402 499 1776 591 pecuniam
1816 499 2110 571 multam
2146 502 2463 575 sanitatis
2493 523 2752 588 amore,

177 589 314 661 sed
375 588 569 659 nullo
647 601 865 678 potest
939 587 1342 658 medicinali
1416 588 1749 681 suffragio
1820 588 2167 660 intantum
2232 591 2512 683 Juvari,
2586 594 2756 680 quin

178 679 422 770 ipsam
474 699 760 747 manum
829 687 1052 766 portet
1099 676 1459 760 inutilem,
1525 691 1590 748 et
1653 677 1740 747 ad
1788 698 1996 748 omne
2052 700 2233 770 opus
2294 679 2572 771 penitus
2628 682 2763 753 im-

286 779 570 839 tentem.
625 765 876 836 Dolens
923 765 1154 854 itaque
1202 765 1398 836 illius
1458 767 1662 854 quasi
1722 788 1858 837 non
1925 789 2095 837 suae
2156 768 2436 840 dextrae
2482 771 2766 860 pondus

221 877 395 939 erre,
435 877 572 925 usu
602 865 860 937 carere,
898 866 1089 946 optat
1119 854 1257 925 sibi
1339 854 1554 927 luries
1599 877 1752 926 esse
1783 868 2198 927 truncatam.
2237 857 2541 928 Audiens
2573 882 2756 943 vero,

191 966 375 1034 quae
426 965 546 1035 per
591 943 927 1015 famulam
977 965 1177 1014 suam
1228 948 1275 1014 C
1305 966 1496 1014 aram
1535 945 1872 1017 Dominus
1914 944 2338 1036 dignabatur
2373 948 2764 1032 ostendere,

191 1047 432 1105 votum
482 1054 736 1104 vovens
766 1088 781 1115 ‚
837 1032 924 1103 ad
997 1032 1398 1124 sepulcrum
1450 1032 1744 1124 virginis
1807 1048 2177 1124 properat,
2232 1035 2432 1106 affert
2492 1058 2762 1107 ceream

188 1122 575 1215 imaginem
628 1144 903 1203 manus,
947 1135 1014 1191 et
1061 1143 1273 1209 super
1315 1122 1628 1192 tumbam
1668 1127 1734 1192 S.
1787 1123 2022 1194 Clarae
2065 1124 2434 1195 incumbit.
2488 1127 2755 1209 Statim,

188 1212 611 1315 priusquam
661 1210 1023 1283 ecclesiam
1058 1222 1275 1293 exeat,
1332 1233 1587 1282 manus
1618 1211 1770 1303 ejus
1800 1212 2095 1306 perfecte
2143 1215 2453 1285 restituta
2496 1227 2599 1284 est
2644 1237 2762 1286 sa-

190 1315 425 1372 nitati.

370 1396 537 1464 88.
618 1395 951 1461 Petronus
998 1389 1284 1477 quidam
1348 1389 1434 1460 de
1501 1403 1728 1460 castro
1775 1390 2054 1472 Bitone,
2133 1391 2346 1461 trium
2412 1413 2756 1464 annorum

189 1479 267 1549 in
333 1479 602 1550 rmitate
633 1490 1115 1570 consumptua,
1170 1491 1351 1549 totus
1398 1478 1580 1549 ferae
1626 1478 1882 1549 diutini
1933 1478 2294 1570 languoris
2335 1480 2489 1552 tabe
2534 1481 2759 1554 desic-

190 1582 397 1640 catus
446 1567 792 1659 apparuit.
861 1569 1073 1658 Cujus
1145 1567 1467 1638 violentia
1527 1568 1754 1639 morbi
1805 1567 1977 1638 adeo
2034 1581 2435 1642 contractus
2494 1584 2641 1641 erat
2686 1572 2756 1641 in

190 1658 550 1740 cruribuS,
607 1670 681 1728 ut
728 1679 983 1728 curvus
1022 1678 1296 1746 semper
1341 1670 1406 1727 et
1444 1656 1531 1726 ad
1582 1671 1832 1727 terram
1867 1658 2162 1728 reflexus
2192 1714 2207 1741 ,
2262 1660 2372 1730 vix
2412 1682 2574 1731 cum
2638 1660 2763 1730 ba-

192 1747 363 1817 culo
441 1767 721 1837 pergere
797 1759 1046 1836 posset.
1119 1744 1434 1837 Explorat
1482 1758 1676 1836 pater
1737 1748 1935 1837 pueri
1988 1747 2366 1819 multorum
2406 1748 2758 1820 solertiam

195 1835 658 1917 medicorum,
715 1834 992 1905 illorum
1036 1835 1431 1925 praecipue,
1484 1835 1605 1923 qui
1666 1835 1902 1906 fractis
1948 1836 2226 1908 ossibus
2275 1837 2603 1908 medendi
2642 1859 2764 1929 pe-

197 1925 432 1994 ritiam
484 1924 852 1995 habebant.
931 1929 1220 1994 Paratus
1274 1938 1421 2082 ἵει
1465 1924 1704 1995 omnia
1765 1925 1945 1996 bona
1993 1948 2120 1996 sua
2177 1926 2568 2016 expendere
2638 1948 2763 2018 pro

196 2012 678 2103 recuperanda
730 2013 924 2102 pueri
972 2014 1265 2083 sanitate
1341 2018 1651 2101 Cumque
1693 2014 2224 2104 responderetur
2267 2015 2354 2085 ab
2399 2015 2756 2098 omnibuS,

199 2102 472 2173 nullius
518 2103 687 2173 artis
733 2122 861 2191 ope
922 2101 1021 2171 illi
1076 2102 1317 2172 morbo
1391 2125 1591 2194 posse
1669 2105 2026 2184 succurri,
2079 2104 2165 2174 ad
2219 2126 2433 2175 novae
2482 2118 2761 2175 sanctae

200 2191 561 2283 suffragia,
620 2190 829 2279 cujus
876 2190 1199 2261 audiebat
1248 2192 1637 2284 magnalia,
1694 2213 1765 2263 se
1810 2194 2163 2263 convertit.
2217 2198 2536 2264 Portatur
2585 2217 2759 2285 puer

198 2279 288 2350 ad
326 2281 581 2361 locum,
636 2280 754 2349 ubi
808 2280 1105 2370 pretiosa
1175 2280 1464 2372 virginis
1513 2281 1736 2372 spolia
1783 2281 2266 2371 requiescunt,
2315 2294 2380 2352 et
2443 2304 2581 2353 non
2632 2284 2759 2354 diu

200 2383 364 2439 ante
409 2368 809 2459 sepulcrum
850 2370 1135 2458 jacens,
1191 2369 1529 2461 perfectae
1577 2371 1893 2442 sanitatis
1940 2370 2231 2463 gratiam
2284 2373 2522 2442 sumit.
2585 2376 2759 2442 Con-

198 2459 428 2530 festim
482 2479 782 2548 namque
840 2471 1067 2529 rectus
1124 2471 1191 2529 et
1238 2480 1450 2530 sanus
1507 2460 1822 2551 exurgit,
1877 2458 2249 2531 ambulans
2303 2472 2370 2530 et
2415 2460 2703 2532 exiliens
2735 2517 2752 2542 ,

201 2562 270 2650 et
319 2548 615 2651 laudans
655 2554 894 2629 Deum,
948 2561 1015 2618 et
1060 2548 1144 2618 ad
1198 2554 1262 2619 S.
1315 2550 1550 2620 Clarae
1615 2549 1856 2620 laudes
1906 2548 2240 2640 populum
2292 2550 2757 2621 confluentem

201 2650 473 2707 invitat.

289 2729 329 2815 ξ
376 2731 524 2798 82.
577 2732 735 2796 Erat
772 2748 941 2817 puer
968 2724 1205 2795 decem
1242 2748 1585 2796 annorum
1621 2726 1692 2795 in
1745 2725 1909 2796 villa
1956 2731 2022 2796 S.
2058 2725 2317 2810 Quirici
2359 2726 2765 2797 Assisinatis

200 2815 564 2897 dioecesis
617 2814 912 2885 claudus
957 2837 1039 2884 ex
1085 2827 1281 2885 utero
1332 2816 1571 2886 matris
1637 2837 1846 2897 suae,
1905 2816 2109 2885 tibias
2160 2815 2455 2885 habebat
2524 2815 2761 2896 exileS‚

204 2905 420 2996 pedes
468 2904 536 2973 in
586 2916 1058 2974 transversum
1114 2904 1426 2987 'actabat,
1480 2918 1546 2974 et
1593 2916 1895 2975 tortuose
1942 2903 2428 2985 deambulanS,
2485 2905 2595 2974 vix
2646 2926 2770 2994 po-

203 3007 377 3063 terat
433 3016 716 3085 surgere
777 3014 939 3063 cum
988 3016 1070 3063 ca
1121 2996 1300 3065 ebat.
1355 2999 1566 3063 Mater
1624 2996 1777 3084 ers
1824 2994 2021 3063 beato
2070 2993 2435 3063 Francisco
2497 2993 2766 3082 pluries

203 3105 365 3153 eum
418 3082 802 3164 devoverat,
835 3104 958 3152 nec
1006 3083 1226 3155 ullius
1267 3082 1764 3153 meliorationis
1794 3105 1991 3184 opem
2042 3096 2421 3173 acceperat.
2464 3082 2769 3154 Audiens

207 3193 367 3242 vero
443 3172 710 3243 beatam
762 3171 1029 3242 Claram
1096 3173 1290 3243 novis
1336 3194 1702 3242 coruscare
1755 3171 2111 3242 mlraculis
2146 3225 2162 3252 ,
2216 3171 2299 3241 ad
2360 3172 2762 3263 sepulcrum

204 3261 364 3349 ejus
399 3283 693 3350 puerum
743 3260 1149 3351 deportavit.
1202 3266 1359 3331 Post
1404 3261 1668 3348 aliquot
1718 3261 1866 3332 dies
1924 3261 2185 3331 sanatis
2231 3262 2507 3331 ossibus
2560 3261 2764 3331 tibia-

203 3372 392 3431 rum,
428 3351 513 3420 ad
547 3351 1027 3421 rectitudinem
1062 3364 1224 3421 sunt
1251 3350 1561 3420 membra
1593 3349 1896 3431 reducta,
1930 3361 1998 3420 et
2027 3349 2209 3437 quod
2234 3355 2297 3420 S.
2327 3351 2755 3433 FranciscuS,

207 3438 452 3510 multis
505 3440 825 3528 precibus
871 3453 1226 3521 exoratus,
1281 3461 1417 3509 non
1468 3439 1750 3520 tribuit,
1805 3462 1932 3512 sua
1982 3438 2332 3530 discipula
2382 3439 2572 3510 Clara
2623 3441 2759 3510 vir-

209 3541 352 3598 tute
401 3528 635 3598 divina
672 3527 1036 3599 concessit.

291 3619 331 3705 ξ
374 3621 529 3690 88.
583 3618 762 3689 Civis
810 3616 1244 3706 Eugubinus‚
1299 3616 1580 3686 nomine
1627 3617 1924 3687 Jacobus
1976 3616 2059 3686 de
2108 3620 2407 3697 FrancO,
2461 3638 2755 3707 puerum

208 3708 727 3794 quinquennem
782 3705 1065 3786 habens,
1112 3705 1228 3792 qui
1288 3704 1636 3775 debilibus
1686 3705 1981 3797 pedibus
2030 3726 2390 3793 nunquam
2443 3704 2761 3775 ambula-

215 3808 423 3875 verat,
465 3817 588 3866 nec
638 3807 901 3887 poterat
939 3794 1321 3876 ambulare,
1377 3807 1731 3882 tamquam
1783 3806 2127 3865 ostentum
2181 3815 2347 3865 suae
2395 3793 2668 3874 domus,
2697 3806 2765 3864 et

213 3883 661 3973 opprobrium
710 3906 878 3954 suae
933 3882 1164 3954 carnis
1209 3882 1294 3952 de
1349 3881 1633 3953 lorabat.
1691 3883 2049 3954 Cubitabat
2108 3884 2177 3952 in
2230 3882 2398 3963 solo,
2453 3883 2767 3971 reptabat

211 3971 281 4041 in
329 3974 581 4056 cinere,
627 3973 906 4050 volvens
952 3994 1026 4042 se
1088 3993 1276 4059 quan
1330 3994 1506 4060 oque
1554 3972 1639 4042 ad
1690 3993 2054 4043 scamnum
2088 4026 2103 4053 ,
2157 3993 2283 4041 nec
2332 3984 2574 4061 potens
2621 3971 2762 4040 eri·

211 4083 403 4153 gere:
454 4063 570 4133 cui
622 4075 867 4132 natura
900 4060 1263 4153 gradiendi
1311 4060 1736 4132 desiderium
1772 4060 2077 4143 dederat,
2134 4074 2501 4151 negaverat
2551 4058 2767 4129 facul·

214 4163 443 4223 tatem.
496 4156 752 4222 Vovent
782 4172 1075 4241 puerum
1130 4163 1445 4241 parentes
1476 4153 1630 4240 eJus
1679 4150 1944 4220 meritis
1992 4154 2058 4219 S.
2105 4149 2384 4232 Clarae,
2439 4162 2644 4235 atque
2689 4161 2768 4219 ut

208 4241 522 4331 ipsorum
573 4242 780 4311 verbo
825 4240 1122 4321 dicatur,
1159 4237 1400 4309 volunt
1437 4261 1587 4310 esse
1642 4239 1994 4310 hominem
2047 4251 2325 4308 sanctae
2391 4237 2649 4320 Clarae,
2704 4240 2763 4311 si

208 4351 335 4421 per
382 4351 536 4402 eam
586 4331 946 4400 sanitatem
990 4328 1195 4399 fuerit
1242 4342 1681 4399 consecutus.
1717 4328 2040 4398 Protinus
2072 4341 2223 4398 voto
2254 4326 2532 4408 emis30,
2570 4328 2764 4430 virgo

207 4418 460 4489 Christi
509 4441 716 4489 suum
767 4418 1121 4490 hominem
1174 4438 1455 4500 sanans,
1510 4417 1771 4488 liberae
1817 4417 2310 4491 ambulationis
2347 4416 2654 4489 officium
2689 4439 2759 4487 1n

372 4530 618 4588 surius
633 4559 659 4574 ·
688 4529 851 4589 Vitae
874 4528 983 4591 88.
1005 4558 1031 4573 ·
1052 4527 1177 4587 Vol.
1221 4524 1375 4589 vm.
2531 4530 2604 4587 19
