<?xml version="1.0" encoding="UTF-8"?>
<!DOCTYPE html PUBLIC "-//W3C//DTD XHTML 1.0 Transitional//EN"
    "http://www.w3.org/TR/xhtml1/DTD/xhtml1-transitional.dtd">
<html xmlns="http://www.w3.org/1999/xhtml" xml:lang="en" lang="en">
 <head>
  <title>
</title>
<meta http-equiv="Content-Type" content="text/html;charset=utf-8" />
  <meta name='ocr-system' content='tesseract 3.04.00' />
  <meta name='ocr-capabilities' content='ocr_page ocr_carea ocr_par ocr_line ocrx_word'/>
</head>
<body>
  <div class='ocr_page' id='page_1' title='image "./historiaeseuvit01lippgoog_0625.png"; bbox 0 0 3308 5004; ppageno 0'>
   <div class='ocr_carea' id='block_1_1' title="bbox 150 301 2746 430">
    <p class='ocr_par' dir='ltr' id='par_1_1' title="bbox 150 301 2746 430">
     <span class='ocr_line' id='line_1_1' title="bbox 150 301 2746 430; baseline 0 -14"><span class='ocrx_word' id='word_1_1' title='bbox 150 349 344 416; x_wconf 79' lang='lat' dir='ltr'>AUG.</span> <span class='ocrx_word' id='word_1_2' title='bbox 398 301 483 415; x_wconf 57' lang='lat'>24</span> <span class='ocrx_word' id='word_1_3' title='bbox 816 366 894 414; x_wconf 73' lang='lat' dir='ltr'>m:</span> <span class='ocrx_word' id='word_1_4' title='bbox 942 366 999 414; x_wconf 82' lang='lat'>8.</span> <span class='ocrx_word' id='word_1_5' title='bbox 1051 365 1351 414; x_wconf 65' lang='lat' dir='ltr'>Aunonno</span> <span class='ocrx_word' id='word_1_6' title='bbox 1400 362 1602 414; x_wconf 73' lang='lat' dir='ltr'>muse.</span> <span class='ocrx_word' id='word_1_7' title='bbox 1659 364 2022 415; x_wconf 72' lang='lat' dir='ltr'>nomene.</span> <span class='ocrx_word' id='word_1_8' title='bbox 2252 331 2256 336; x_wconf 38' lang='lat'><em>⁹</em></span> <span class='ocrx_word' id='word_1_9' title='bbox 2498 352 2616 416; x_wconf 69' lang='lat'>59⁴</span> <span class='ocrx_word' id='word_1_10' title='bbox 2739 413 2746 430; x_wconf 75' lang='grc'>,</span> 
     </span>
    </p>
   </div>
   <div class='ocr_carea' id='block_1_2' title="bbox 102 446 2717 2947">
    <p class='ocr_par' dir='ltr' id='par_1_2' title="bbox 102 446 2717 2491">
     <span class='ocr_line' id='line_1_2' title="bbox 240 446 2717 540; baseline -0.001 -17"><span class='ocrx_word' id='word_1_11' title='bbox 240 449 448 535; x_wconf 76' lang='lat' dir='ltr'>§u.</span> <span class='ocrx_word' id='word_1_12' title='bbox 480 451 648 518; x_wconf 86' lang='lat' dir='ltr'>Cum</span> <span class='ocrx_word' id='word_1_13' title='bbox 682 459 913 520; x_wconf 87' lang='lat' dir='ltr'>autem</span> <span class='ocrx_word' id='word_1_14' title='bbox 945 446 1366 527; x_wconf 89' lang='lat' dir='ltr'>revertend0,</span> <span class='ocrx_word' id='word_1_15' title='bbox 1394 468 1514 537; x_wconf 90' lang='lat' dir='ltr'>per</span> <span class='ocrx_word' id='word_1_16' title='bbox 1546 447 2099 536; x_wconf 79' lang='lat' dir='ltr'>Andegavensem</span> <span class='ocrx_word' id='word_1_17' title='bbox 2132 448 2479 538; x_wconf 79' lang='lat' dir='ltr'>regionem</span> <span class='ocrx_word' id='word_1_18' title='bbox 2498 450 2717 540; x_wconf 75' lang='lat' dir='ltr'>(I&#39;An-</span> 
     </span>
     <span class='ocr_line' id='line_1_3' title="bbox 136 536 2712 627; baseline 0.001 -20"><span class='ocrx_word' id='word_1_19' title='bbox 136 539 301 627; x_wconf 81' lang='lat' dir='ltr'>jou)</span> <span class='ocrx_word' id='word_1_20' title='bbox 326 536 456 606; x_wconf 89' lang='lat' dir='ltr'>iter</span> <span class='ocrx_word' id='word_1_21' title='bbox 487 548 741 627; x_wconf 84' lang='lat' dir='ltr'>ageret,</span> <span class='ocrx_word' id='word_1_22' title='bbox 783 536 1064 606; x_wconf 86' lang='lat' dir='ltr'>obvium</span> <span class='ocrx_word' id='word_1_23' title='bbox 1108 536 1352 606; x_wconf 89' lang='lat' dir='ltr'>habuit</span> <span class='ocrx_word' id='word_1_24' title='bbox 1391 536 1891 626; x_wconf 88' lang='lat' dir='ltr'>pauperculum</span> <span class='ocrx_word' id='word_1_25' title='bbox 1929 536 2303 625; x_wconf 81' lang='lat' dir='ltr'>quemdam</span> <span class='ocrx_word' id='word_1_26' title='bbox 2340 561 2355 605; x_wconf 92' lang='lat'><strong>:</strong></span> <span class='ocrx_word' id='word_1_27' title='bbox 2394 540 2519 625; x_wconf 88' lang='lat' dir='ltr'>qui</span> <span class='ocrx_word' id='word_1_28' title='bbox 2553 561 2712 609; x_wconf 90' lang='lat' dir='ltr'>cum</span> 
     </span>
     <span class='ocr_line' id='line_1_4' title="bbox 150 624 2709 716; baseline 0.001 -22"><span class='ocrx_word' id='word_1_29' title='bbox 150 624 514 696; x_wconf 82' lang='lat' dir='ltr'>Dominico</span> <span class='ocrx_word' id='word_1_30' title='bbox 545 624 658 694; x_wconf 94' lang='lat' dir='ltr'>die</span> <span class='ocrx_word' id='word_1_31' title='bbox 696 637 933 695; x_wconf 86' lang='lat' dir='ltr'>contra</span> <span class='ocrx_word' id='word_1_32' title='bbox 972 646 1182 695; x_wconf 88' lang='lat' dir='ltr'>usum</span> <span class='ocrx_word' id='word_1_33' title='bbox 1216 624 1773 696; x_wconf 84' lang='lat' dir='ltr'>Ecclesiasticum</span> <span class='ocrx_word' id='word_1_34' title='bbox 1810 647 1988 716; x_wconf 89' lang='lat' dir='ltr'>opus</span> <span class='ocrx_word' id='word_1_35' title='bbox 2043 626 2289 698; x_wconf 81' lang='lat' dir='ltr'>servile</span> <span class='ocrx_word' id='word_1_36' title='bbox 2345 640 2709 708; x_wconf 85' lang='lat' dir='ltr'>exerceret,</span> 
     </span>
     <span class='ocr_line' id='line_1_5' title="bbox 149 712 2711 804; baseline 0 -22"><span class='ocrx_word' id='word_1_37' title='bbox 149 724 356 801; x_wconf 82' lang='lat' dir='ltr'>atque</span> <span class='ocrx_word' id='word_1_38' title='bbox 389 714 458 783; x_wconf 90' lang='lat' dir='ltr'>in</span> <span class='ocrx_word' id='word_1_39' title='bbox 504 712 685 784; x_wconf 89' lang='lat' dir='ltr'>mola</span> <span class='ocrx_word' id='word_1_40' title='bbox 721 712 1014 784; x_wconf 84' lang='lat' dir='ltr'>farinam</span> <span class='ocrx_word' id='word_1_41' title='bbox 1057 713 1443 795; x_wconf 87' lang='lat' dir='ltr'>conficeret,</span> <span class='ocrx_word' id='word_1_42' title='bbox 1501 735 1811 795; x_wconf 84' lang='lat' dir='ltr'>manum,</span> <span class='ocrx_word' id='word_1_43' title='bbox 1849 737 1987 801; x_wconf 87' lang='lat' dir='ltr'>qua</span> <span class='ocrx_word' id='word_1_44' title='bbox 2023 714 2322 804; x_wconf 81' lang='lat' dir='ltr'>lapidem</span> <span class='ocrx_word' id='word_1_45' title='bbox 2380 716 2711 786; x_wconf 89' lang='lat' dir='ltr'>molarem</span> 
     </span>
     <span class='ocr_line' id='line_1_6' title="bbox 150 801 2711 896; baseline 0 -23"><span class='ocrx_word' id='word_1_46' title='bbox 150 803 696 892; x_wconf 76' lang='lat' dir='ltr'>circumagebat,</span> <span class='ocrx_word' id='word_1_47' title='bbox 737 814 1016 892; x_wconf 83' lang='lat' dir='ltr'>repente</span> <span class='ocrx_word' id='word_1_48' title='bbox 1046 801 1311 872; x_wconf 88' lang='lat' dir='ltr'>aridam</span> <span class='ocrx_word' id='word_1_49' title='bbox 1349 815 1413 872; x_wconf 89' lang='lat' dir='ltr'>et</span> <span class='ocrx_word' id='word_1_50' title='bbox 1444 802 1764 873; x_wconf 87' lang='lat' dir='ltr'>inutilem</span> <span class='ocrx_word' id='word_1_51' title='bbox 1814 804 2051 873; x_wconf 85' lang='lat' dir='ltr'>sensit.</span> <span class='ocrx_word' id='word_1_52' title='bbox 2097 808 2263 874; x_wconf 85' lang='lat' dir='ltr'>Nam</span> <span class='ocrx_word' id='word_1_53' title='bbox 2306 805 2527 894; x_wconf 80' lang='lat' dir='ltr'>pollex</span> <span class='ocrx_word' id='word_1_54' title='bbox 2558 805 2711 896; x_wconf 84' lang='lat' dir='ltr'>ejus</span> 
     </span>
     <span class='ocr_line' id='line_1_7' title="bbox 153 891 2715 983; baseline 0.001 -22"><span class='ocrx_word' id='word_1_55' title='bbox 153 891 326 966; x_wconf 87' lang='lat' dir='ltr'>adeo</span> <span class='ocrx_word' id='word_1_56' title='bbox 355 891 768 982; x_wconf 83' lang='lat' dir='ltr'>affigebatur</span> <span class='ocrx_word' id='word_1_57' title='bbox 816 891 1157 981; x_wconf 82' lang='lat' dir='ltr'>superiori</span> <span class='ocrx_word' id='word_1_58' title='bbox 1210 891 1399 961; x_wconf 87' lang='lat' dir='ltr'>illius</span> <span class='ocrx_word' id='word_1_59' title='bbox 1451 893 1650 981; x_wconf 89' lang='lat' dir='ltr'>parti,</span> <span class='ocrx_word' id='word_1_60' title='bbox 1706 904 1781 961; x_wconf 90' lang='lat' dir='ltr'>ut</span> <span class='ocrx_word' id='word_1_61' title='bbox 1817 892 2296 983; x_wconf 83' lang='lat' dir='ltr'>sanguisinde</span> <span class='ocrx_word' id='word_1_62' title='bbox 2339 915 2715 983; x_wconf 86' lang='lat' dir='ltr'>promana-</span> 
     </span>
     <span class='ocr_line' id='line_1_8' title="bbox 157 979 2716 1071; baseline 0.001 -22"><span class='ocrx_word' id='word_1_63' title='bbox 157 993 302 1050; x_wconf 83' lang='lat' dir='ltr'>ret:</span> <span class='ocrx_word' id='word_1_64' title='bbox 359 980 728 1070; x_wconf 87' lang='lat' dir='ltr'>ipsumque</span> <span class='ocrx_word' id='word_1_65' title='bbox 780 979 1076 1070; x_wconf 87' lang='lat' dir='ltr'>lignum,</span> <span class='ocrx_word' id='word_1_66' title='bbox 1128 1001 1266 1067; x_wconf 92' lang='lat' dir='ltr'>quo</span> <span class='ocrx_word' id='word_1_67' title='bbox 1321 979 1503 1051; x_wconf 89' lang='lat' dir='ltr'>mola</span> <span class='ocrx_word' id='word_1_68' title='bbox 1553 982 1990 1062; x_wconf 80' lang='lat' dir='ltr'>versabatur,</span> <span class='ocrx_word' id='word_1_69' title='bbox 2045 982 2223 1051; x_wconf 91' lang='lat' dir='ltr'>inter</span> <span class='ocrx_word' id='word_1_70' title='bbox 2274 982 2594 1071; x_wconf 87' lang='lat' dir='ltr'>pollicem</span> <span class='ocrx_word' id='word_1_71' title='bbox 2649 995 2716 1052; x_wconf 87' lang='lat' dir='ltr'>et</span> 
     </span>
     <span class='ocr_line' id='line_1_9' title="bbox 157 1067 2707 1160; baseline -0 -21"><span class='ocrx_word' id='word_1_72' title='bbox 157 1067 460 1159; x_wconf 89' lang='lat' dir='ltr'>palmam</span> <span class='ocrx_word' id='word_1_73' title='bbox 495 1082 633 1140; x_wconf 87' lang='lat' dir='ltr'>tam</span> <span class='ocrx_word' id='word_1_74' title='bbox 669 1068 903 1139; x_wconf 84' lang='lat' dir='ltr'>stricte</span> <span class='ocrx_word' id='word_1_75' title='bbox 930 1069 1311 1150; x_wconf 87' lang='lat' dir='ltr'>tenebatur,</span> <span class='ocrx_word' id='word_1_76' title='bbox 1367 1081 1442 1139; x_wconf 91' lang='lat' dir='ltr'>ut</span> <span class='ocrx_word' id='word_1_77' title='bbox 1499 1069 1689 1140; x_wconf 89' lang='lat' dir='ltr'>nullo</span> <span class='ocrx_word' id='word_1_78' title='bbox 1743 1082 1940 1160; x_wconf 89' lang='lat' dir='ltr'>pacto</span> <span class='ocrx_word' id='word_1_79' title='bbox 1991 1069 2153 1140; x_wconf 88' lang='lat' dir='ltr'>inde</span> <span class='ocrx_word' id='word_1_80' title='bbox 2204 1084 2431 1160; x_wconf 87' lang='lat' dir='ltr'>posset</span> <span class='ocrx_word' id='word_1_81' title='bbox 2478 1070 2707 1141; x_wconf 83' lang='lat' dir='ltr'>avelli.</span> 
     </span>
     <span class='ocr_line' id='line_1_10' title="bbox 150 1156 2705 1248; baseline 0 -20"><span class='ocrx_word' id='word_1_82' title='bbox 150 1157 522 1230; x_wconf 80' lang='lat' dir='ltr'>Prbcidens</span> <span class='ocrx_word' id='word_1_83' title='bbox 569 1179 645 1225; x_wconf 91' lang='lat' dir='ltr'>er</span> <span class='ocrx_word' id='word_1_84' title='bbox 691 1179 734 1226; x_wconf 92' lang='lat' dir='ltr'>o</span> <span class='ocrx_word' id='word_1_85' title='bbox 785 1179 1048 1248; x_wconf 84' lang='lat' dir='ltr'>pauper</span> <span class='ocrx_word' id='word_1_86' title='bbox 1096 1156 1209 1227; x_wconf 87' lang='lat' dir='ltr'>ille</span> <span class='ocrx_word' id='word_1_87' title='bbox 1257 1157 1341 1229; x_wconf 89' lang='lat' dir='ltr'>ad</span> <span class='ocrx_word' id='word_1_88' title='bbox 1382 1157 1588 1248; x_wconf 91' lang='lat' dir='ltr'>pedes</span> <span class='ocrx_word' id='word_1_89' title='bbox 1622 1158 1846 1228; x_wconf 89' lang='lat' dir='ltr'>sancti</span> <span class='ocrx_word' id='word_1_90' title='bbox 1895 1158 2047 1239; x_wconf 89' lang='lat' dir='ltr'>viri,</span> <span class='ocrx_word' id='word_1_91' title='bbox 2104 1159 2453 1229; x_wconf 82' lang='lat' dir='ltr'>miseriam</span> <span class='ocrx_word' id='word_1_92' title='bbox 2499 1182 2705 1232; x_wconf 89' lang='lat' dir='ltr'>suam</span> 
     </span>
     <span class='ocr_line' id='line_1_11' title="bbox 157 1181 2713 1339; baseline 0 -22"><span class='ocrx_word' id='word_1_93' title='bbox 157 1181 754 1338; x_wconf 71' lang='lat' dir='ltr'>lacrymabundgus</span> <span class='ocrx_word' id='word_1_94' title='bbox 800 1245 865 1315; x_wconf 88' lang='lat' dir='ltr'>ei</span> <span class='ocrx_word' id='word_1_95' title='bbox 911 1246 1233 1336; x_wconf 83' lang='lat' dir='ltr'>exponit,</span> <span class='ocrx_word' id='word_1_96' title='bbox 1292 1246 1498 1316; x_wconf 90' lang='lat' dir='ltr'>simul</span> <span class='ocrx_word' id='word_1_97' title='bbox 1541 1246 1746 1317; x_wconf 89' lang='lat' dir='ltr'>etiam</span> <span class='ocrx_word' id='word_1_98' title='bbox 1803 1246 2082 1337; x_wconf 88' lang='lat' dir='ltr'>culpam</span> <span class='ocrx_word' id='word_1_99' title='bbox 2137 1270 2335 1318; x_wconf 88' lang='lat' dir='ltr'>suam</span> <span class='ocrx_word' id='word_1_100' title='bbox 2386 1262 2451 1318; x_wconf 89' lang='lat' dir='ltr'>et</span> <span class='ocrx_word' id='word_1_101' title='bbox 2488 1248 2713 1339; x_wconf 87' lang='lat' dir='ltr'>negli-</span> 
     </span>
     <span class='ocr_line' id='line_1_12' title="bbox 155 1334 2712 1427; baseline 0 -21"><span class='ocrx_word' id='word_1_102' title='bbox 155 1336 460 1425; x_wconf 82' lang='lat' dir='ltr'>gentiam</span> <span class='ocrx_word' id='word_1_103' title='bbox 497 1334 884 1406; x_wconf 83' lang='lat' dir='ltr'>confitetur.</span> <span class='ocrx_word' id='word_1_104' title='bbox 920 1339 998 1405; x_wconf 77' lang='lat' dir='ltr'>At</span> <span class='ocrx_word' id='word_1_105' title='bbox 1030 1337 1134 1404; x_wconf 88' lang='lat' dir='ltr'>vir</span> <span class='ocrx_word' id='word_1_106' title='bbox 1161 1334 1399 1404; x_wconf 80' lang='lat' dir='ltr'>beatus</span> <span class='ocrx_word' id='word_1_107' title='bbox 1425 1348 1814 1407; x_wconf 86' lang='lat' dir='ltr'>contractae</span> <span class='ocrx_word' id='word_1_108' title='bbox 1848 1337 2087 1406; x_wconf 88' lang='lat' dir='ltr'>manui</span> <span class='ocrx_word' id='word_1_109' title='bbox 2121 1337 2400 1427; x_wconf 87' lang='lat' dir='ltr'>signum</span> <span class='ocrx_word' id='word_1_110' title='bbox 2429 1351 2712 1408; x_wconf 86' lang='lat' dir='ltr'>sanctae</span> 
     </span>
     <span class='ocr_line' id='line_1_13' title="bbox 156 1423 2711 1515; baseline 0.002 -22"><span class='ocrx_word' id='word_1_111' title='bbox 156 1425 393 1495; x_wconf 83' lang='lat' dir='ltr'>Crucis</span> <span class='ocrx_word' id='word_1_112' title='bbox 437 1423 796 1515; x_wconf 85' lang='lat' dir='ltr'>imprimit,</span> <span class='ocrx_word' id='word_1_113' title='bbox 839 1435 906 1493; x_wconf 94' lang='lat' dir='ltr'>et</span> <span class='ocrx_word' id='word_1_114' title='bbox 943 1423 1271 1513; x_wconf 72' lang='lat' dir='ltr'>pristinae</span> <span class='ocrx_word' id='word_1_115' title='bbox 1304 1424 1557 1495; x_wconf 87' lang='lat' dir='ltr'>servire</span> <span class='ocrx_word' id='word_1_116' title='bbox 1604 1425 2094 1496; x_wconf 86' lang='lat' dir='ltr'>consuetudini</span> <span class='ocrx_word' id='word_1_117' title='bbox 2133 1438 2558 1513; x_wconf 83' lang='lat' dir='ltr'>naturaeque</span> <span class='ocrx_word' id='word_1_118' title='bbox 2606 1427 2711 1497; x_wconf 90' lang='lat' dir='ltr'>in-</span> 
     </span>
     <span class='ocr_line' id='line_1_14' title="bbox 159 1512 2707 1603; baseline 0 -20"><span class='ocrx_word' id='word_1_119' title='bbox 159 1513 475 1585; x_wconf 87' lang='lat' dir='ltr'>stitutum</span> <span class='ocrx_word' id='word_1_120' title='bbox 527 1534 841 1583; x_wconf 87' lang='lat' dir='ltr'>exercere</span> <span class='ocrx_word' id='word_1_121' title='bbox 870 1512 1108 1603; x_wconf 84' lang='lat' dir='ltr'>jubet:</span> <span class='ocrx_word' id='word_1_122' title='bbox 1165 1534 1536 1603; x_wconf 87' lang='lat' dir='ltr'>pauperem</span> <span class='ocrx_word' id='word_1_123' title='bbox 1589 1513 1808 1583; x_wconf 85' lang='lat' dir='ltr'>nihilo</span> <span class='ocrx_word' id='word_1_124' title='bbox 1859 1515 2094 1585; x_wconf 91' lang='lat' dir='ltr'>minus</span> <span class='ocrx_word' id='word_1_125' title='bbox 2141 1514 2525 1586; x_wconf 88' lang='lat' dir='ltr'>admonens</span> <span class='ocrx_word' id='word_1_126' title='bbox 2560 1571 2576 1596; x_wconf 91' lang='lat'>,</span> <span class='ocrx_word' id='word_1_127' title='bbox 2632 1528 2707 1584; x_wconf 90' lang='lat' dir='ltr'>ut</span> 
     </span>
     <span class='ocr_line' id='line_1_15' title="bbox 162 1601 2702 1692; baseline 0.001 -20"><span class='ocrx_word' id='word_1_128' title='bbox 162 1601 535 1674; x_wconf 86' lang='lat' dir='ltr'>Dominicis</span> <span class='ocrx_word' id='word_1_129' title='bbox 581 1615 646 1672; x_wconf 89' lang='lat' dir='ltr'>et</span> <span class='ocrx_word' id='word_1_130' title='bbox 695 1602 906 1673; x_wconf 84' lang='lat' dir='ltr'>Festis</span> <span class='ocrx_word' id='word_1_131' title='bbox 954 1601 1202 1674; x_wconf 88' lang='lat' dir='ltr'>diebus</span> <span class='ocrx_word' id='word_1_132' title='bbox 1253 1603 1482 1692; x_wconf 87' lang='lat' dir='ltr'>potius</span> <span class='ocrx_word' id='word_1_133' title='bbox 1527 1603 1614 1672; x_wconf 88' lang='lat' dir='ltr'>ad</span> <span class='ocrx_word' id='word_1_134' title='bbox 1669 1602 2031 1674; x_wconf 89' lang='lat' dir='ltr'>ecclesiam</span> <span class='ocrx_word' id='word_1_135' title='bbox 2091 1604 2357 1684; x_wconf 89' lang='lat' dir='ltr'>veniat,</span> <span class='ocrx_word' id='word_1_136' title='bbox 2415 1606 2702 1675; x_wconf 87' lang='lat' dir='ltr'>verbum</span> 
     </span>
     <span class='ocr_line' id='line_1_16' title="bbox 154 1689 2696 1782; baseline 0.001 -22"><span class='ocrx_word' id='word_1_137' title='bbox 154 1691 270 1761; x_wconf 91' lang='lat' dir='ltr'>Dei</span> <span class='ocrx_word' id='word_1_138' title='bbox 329 1690 614 1771; x_wconf 79' lang='lat' dir='ltr'>audiat,</span> <span class='ocrx_word' id='word_1_139' title='bbox 665 1712 871 1780; x_wconf 88' lang='lat' dir='ltr'>opere</span> <span class='ocrx_word' id='word_1_140' title='bbox 918 1689 1251 1781; x_wconf 86' lang='lat' dir='ltr'>impleat,</span> <span class='ocrx_word' id='word_1_141' title='bbox 1306 1703 1614 1761; x_wconf 88' lang='lat' dir='ltr'>sanctam</span> <span class='ocrx_word' id='word_1_142' title='bbox 1688 1691 2021 1782; x_wconf 88' lang='lat' dir='ltr'>percipiat</span> <span class='ocrx_word' id='word_1_143' title='bbox 2079 1693 2642 1763; x_wconf 88' lang='lat' dir='ltr'>communionem</span> <span class='ocrx_word' id='word_1_144' title='bbox 2681 1746 2696 1774; x_wconf 89' lang='lat'>‚</span> 
     </span>
     <span class='ocr_line' id='line_1_17' title="bbox 102 1779 2704 1871; baseline 0 -21"><span class='ocrx_word' id='word_1_145' title='bbox 102 1791 109 1798; x_wconf 82' lang='lat'><em>&#39;</em></span> <span class='ocrx_word' id='word_1_146' title='bbox 153 1801 363 1868; x_wconf 85' lang='lat' dir='ltr'>quam</span> <span class='ocrx_word' id='word_1_147' title='bbox 418 1779 671 1850; x_wconf 88' lang='lat' dir='ltr'>molam</span> <span class='ocrx_word' id='word_1_148' title='bbox 708 1791 948 1860; x_wconf 86' lang='lat' dir='ltr'>verset,</span> <span class='ocrx_word' id='word_1_149' title='bbox 1002 1791 1122 1849; x_wconf 89' lang='lat' dir='ltr'>aut</span> <span class='ocrx_word' id='word_1_150' title='bbox 1170 1779 1393 1849; x_wconf 90' lang='lat' dir='ltr'>ullum</span> <span class='ocrx_word' id='word_1_151' title='bbox 1497 1802 1732 1851; x_wconf 78' lang='lat' dir='ltr'>rorsus</span> <span class='ocrx_word' id='word_1_152' title='bbox 1763 1781 2012 1851; x_wconf 82' lang='lat' dir='ltr'>servile</span> <span class='ocrx_word' id='word_1_153' title='bbox 2043 1802 2221 1871; x_wconf 87' lang='lat' dir='ltr'>opus</span> <span class='ocrx_word' id='word_1_154' title='bbox 2252 1781 2400 1851; x_wconf 89' lang='lat' dir='ltr'>sine</span> <span class='ocrx_word' id='word_1_155' title='bbox 2425 1804 2704 1852; x_wconf 89' lang='lat' dir='ltr'>summa</span> 
     </span>
     <span class='ocr_line' id='line_1_18' title="bbox 156 1868 2706 1962; baseline 0.002 -26"><span class='ocrx_word' id='word_1_156' title='bbox 156 1868 560 1939; x_wconf 82' lang='lat' dir='ltr'>necessitate</span> <span class='ocrx_word' id='word_1_157' title='bbox 606 1881 932 1938; x_wconf 85' lang='lat' dir='ltr'>exerceat.</span> <span class='ocrx_word' id='word_1_158' title='bbox 990 1869 1058 1937; x_wconf 89' lang='lat' dir='ltr'>Si</span> <span class='ocrx_word' id='word_1_159' title='bbox 1107 1868 1293 1938; x_wconf 87' lang='lat' dir='ltr'>enim</span> <span class='ocrx_word' id='word_1_160' title='bbox 1342 1874 1432 1939; x_wconf 85' lang='lat' dir='ltr'>Ju</span> <span class='ocrx_word' id='word_1_161' title='bbox 1485 1869 1587 1939; x_wconf 90' lang='lat' dir='ltr'>aei</span> <span class='ocrx_word' id='word_1_162' title='bbox 1624 1923 1640 1946; x_wconf 83' lang='lat'>,</span> <span class='ocrx_word' id='word_1_163' title='bbox 1695 1869 1964 1956; x_wconf 88' lang='lat' dir='ltr'>inquit,</span> <span class='ocrx_word' id='word_1_164' title='bbox 2018 1869 2290 1955; x_wconf 78' lang='lat' dir='ltr'>decreta</span> <span class='ocrx_word' id='word_1_165' title='bbox 2359 1871 2528 1962; x_wconf 89' lang='lat' dir='ltr'>legis</span> <span class='ocrx_word' id='word_1_166' title='bbox 2586 1893 2706 1961; x_wconf 87' lang='lat' dir='ltr'>per</span> 
     </span>
     <span class='ocr_line' id='line_1_19' title="bbox 155 1956 2707 2048; baseline 0.001 -21"><span class='ocrx_word' id='word_1_167' title='bbox 155 1962 433 2046; x_wconf 79' lang='lat' dir='ltr'>Moysen</span> <span class='ocrx_word' id='word_1_168' title='bbox 475 1956 695 2039; x_wconf 86' lang='lat' dir='ltr'>datae,</span> <span class='ocrx_word' id='word_1_169' title='bbox 750 1970 938 2026; x_wconf 88' lang='lat' dir='ltr'>tanta</span> <span class='ocrx_word' id='word_1_170' title='bbox 985 1956 1345 2047; x_wconf 69' lang='lat' dir='ltr'>diligentia</span> <span class='ocrx_word' id='word_1_171' title='bbox 1392 1958 1839 2028; x_wconf 88' lang='lat' dir='ltr'>custodiunt:</span> <span class='ocrx_word' id='word_1_172' title='bbox 1891 1972 2150 2046; x_wconf 88' lang='lat' dir='ltr'>quanto</span> <span class='ocrx_word' id='word_1_173' title='bbox 2187 1960 2406 2048; x_wconf 90' lang='lat' dir='ltr'>magis</span> <span class='ocrx_word' id='word_1_174' title='bbox 2454 1981 2707 2030; x_wconf 87' lang='lat' dir='ltr'>conve-</span> 
     </span>
     <span class='ocr_line' id='line_1_20' title="bbox 159 2045 2700 2137; baseline 0.002 -24"><span class='ocrx_word' id='word_1_175' title='bbox 159 2045 308 2124; x_wconf 86' lang='lat' dir='ltr'>nit,</span> <span class='ocrx_word' id='word_1_176' title='bbox 363 2045 783 2116; x_wconf 86' lang='lat' dir='ltr'>Christianos</span> <span class='ocrx_word' id='word_1_177' title='bbox 831 2060 1193 2137; x_wconf 88' lang='lat' dir='ltr'>praecepta</span> <span class='ocrx_word' id='word_1_178' title='bbox 1242 2051 1422 2116; x_wconf 88' lang='lat' dir='ltr'>Evan</span> <span class='ocrx_word' id='word_1_179' title='bbox 1477 2046 1593 2116; x_wconf 89' lang='lat' dir='ltr'>elii</span> <span class='ocrx_word' id='word_1_180' title='bbox 1645 2069 1765 2137; x_wconf 93' lang='lat' dir='ltr'>per</span> <span class='ocrx_word' id='word_1_181' title='bbox 1812 2047 2157 2117; x_wconf 85' lang='lat' dir='ltr'>Christum</span> <span class='ocrx_word' id='word_1_182' title='bbox 2212 2048 2650 2137; x_wconf 85' lang='lat' dir='ltr'>promulgata</span> <span class='ocrx_word' id='word_1_183' title='bbox 2685 2103 2700 2129; x_wconf 92' lang='lat'>,</span> 
     </span>
     <span class='ocr_line' id='line_1_21' title="bbox 156 2070 2708 2228; baseline 0.002 -25"><span class='ocrx_word' id='word_1_184' title='bbox 156 2133 491 2204; x_wconf 77' lang='lat' dir='ltr'>ferventer</span> <span class='ocrx_word' id='word_1_185' title='bbox 535 2145 598 2204; x_wconf 89' lang='lat' dir='ltr'>et</span> <span class='ocrx_word' id='word_1_186' title='bbox 644 2134 911 2216; x_wconf 86' lang='lat' dir='ltr'>audire,</span> <span class='ocrx_word' id='word_1_187' title='bbox 964 2148 1028 2204; x_wconf 92' lang='lat' dir='ltr'>et</span> <span class='ocrx_word' id='word_1_188' title='bbox 1073 2070 1476 2206; x_wconf 33' lang='lat' dir='ltr'>custodire&amp;</span> <span class='ocrx_word' id='word_1_189' title='bbox 1520 2136 1709 2205; x_wconf 85' lang='lat' dir='ltr'>Sicut</span> <span class='ocrx_word' id='word_1_190' title='bbox 1740 2158 1902 2226; x_wconf 86' lang='lat' dir='ltr'>ergo</span> <span class='ocrx_word' id='word_1_191' title='bbox 1933 2135 2174 2206; x_wconf 89' lang='lat' dir='ltr'>Judaei</span> <span class='ocrx_word' id='word_1_192' title='bbox 2212 2137 2481 2208; x_wconf 88' lang='lat' dir='ltr'>nullum</span> <span class='ocrx_word' id='word_1_193' title='bbox 2525 2159 2708 2228; x_wconf 92' lang='lat' dir='ltr'>opus</span> 
     </span>
     <span class='ocr_line' id='line_1_22' title="bbox 157 2222 2710 2296; baseline 0 -3"><span class='ocrx_word' id='word_1_194' title='bbox 157 2223 403 2293; x_wconf 89' lang='lat' dir='ltr'>servile</span> <span class='ocrx_word' id='word_1_195' title='bbox 448 2222 712 2294; x_wconf 84' lang='lat' dir='ltr'>faciunt</span> <span class='ocrx_word' id='word_1_196' title='bbox 740 2224 808 2292; x_wconf 89' lang='lat' dir='ltr'>in</span> <span class='ocrx_word' id='word_1_197' title='bbox 846 2224 1172 2294; x_wconf 86' lang='lat' dir='ltr'>sabbato:</span> <span class='ocrx_word' id='word_1_198' title='bbox 1231 2223 1322 2293; x_wconf 88' lang='lat' dir='ltr'>ita</span> <span class='ocrx_word' id='word_1_199' title='bbox 1355 2223 1721 2293; x_wconf 86' lang='lat' dir='ltr'>Christiani</span> <span class='ocrx_word' id='word_1_200' title='bbox 1766 2224 1833 2293; x_wconf 90' lang='lat' dir='ltr'>in</span> <span class='ocrx_word' id='word_1_201' title='bbox 1867 2223 1980 2294; x_wconf 88' lang='lat' dir='ltr'>die</span> <span class='ocrx_word' id='word_1_202' title='bbox 2014 2225 2407 2295; x_wconf 88' lang='lat' dir='ltr'>Dominicae</span> <span class='ocrx_word' id='word_1_203' title='bbox 2450 2231 2710 2296; x_wconf 87' lang='lat' dir='ltr'>Resur-</span> 
     </span>
     <span class='ocr_line' id='line_1_23' title="bbox 157 2311 2705 2404; baseline 0.002 -24"><span class='ocrx_word' id='word_1_204' title='bbox 157 2311 479 2382; x_wconf 87' lang='lat' dir='ltr'>rectionis</span> <span class='ocrx_word' id='word_1_205' title='bbox 512 2311 765 2382; x_wconf 88' lang='lat' dir='ltr'>debent</span> <span class='ocrx_word' id='word_1_206' title='bbox 791 2312 876 2382; x_wconf 90' lang='lat' dir='ltr'>ad</span> <span class='ocrx_word' id='word_1_207' title='bbox 918 2312 1281 2382; x_wconf 85' lang='lat' dir='ltr'>ecclesiam</span> <span class='ocrx_word' id='word_1_208' title='bbox 1316 2314 1707 2392; x_wconf 87' lang='lat' dir='ltr'>convenire,</span> <span class='ocrx_word' id='word_1_209' title='bbox 1751 2314 2034 2383; x_wconf 90' lang='lat' dir='ltr'>verbum</span> <span class='ocrx_word' id='word_1_210' title='bbox 2076 2313 2187 2382; x_wconf 87' lang='lat' dir='ltr'>Dei</span> <span class='ocrx_word' id='word_1_211' title='bbox 2218 2315 2510 2385; x_wconf 88' lang='lat' dir='ltr'>auribus</span> <span class='ocrx_word' id='word_1_212' title='bbox 2550 2337 2705 2404; x_wconf 86' lang='lat' dir='ltr'>per-</span> 
     </span>
     <span class='ocr_line' id='line_1_24' title="bbox 156 2400 2167 2491; baseline 0 -21"><span class='ocrx_word' id='word_1_213' title='bbox 156 2400 405 2491; x_wconf 89' lang='lat' dir='ltr'>cipere,</span> <span class='ocrx_word' id='word_1_214' title='bbox 444 2416 668 2471; x_wconf 84' lang='lat' dir='ltr'>mente</span> <span class='ocrx_word' id='word_1_215' title='bbox 718 2402 1034 2483; x_wconf 88' lang='lat' dir='ltr'>retinere,</span> <span class='ocrx_word' id='word_1_216' title='bbox 1071 2414 1135 2471; x_wconf 89' lang='lat' dir='ltr'>et</span> <span class='ocrx_word' id='word_1_217' title='bbox 1165 2402 1254 2470; x_wconf 91' lang='lat' dir='ltr'>ab</span> <span class='ocrx_word' id='word_1_218' title='bbox 1292 2405 1496 2491; x_wconf 85' lang='lat' dir='ltr'>opere</span> <span class='ocrx_word' id='word_1_219' title='bbox 1525 2402 1759 2473; x_wconf 88' lang='lat' dir='ltr'>servili</span> <span class='ocrx_word' id='word_1_220' title='bbox 1798 2402 2167 2471; x_wconf 87' lang='lat' dir='ltr'>abstinere.</span> 
     </span>
    </p>

    <p class='ocr_par' dir='ltr' id='par_1_3' title="bbox 143 2489 2710 2947">
     <span class='ocr_line' id='line_1_25' title="bbox 245 2489 2702 2592; baseline -0.002 -27"><span class='ocrx_word' id='word_1_221' title='bbox 245 2492 281 2578; x_wconf 79' lang='lat'>§</span> <span class='ocrx_word' id='word_1_222' title='bbox 327 2495 470 2565; x_wconf 71' lang='lat'>15.</span> <span class='ocrx_word' id='word_1_223' title='bbox 530 2489 933 2561; x_wconf 74' lang='lat' dir='ltr'>perveniens</span> <span class='ocrx_word' id='word_1_224' title='bbox 981 2489 1141 2560; x_wconf 89' lang='lat' dir='ltr'>inde</span> <span class='ocrx_word' id='word_1_225' title='bbox 1191 2491 1723 2592; x_wconf 83' lang='lat' dir='ltr'>Rothbmagum,</span> <span class='ocrx_word' id='word_1_226' title='bbox 1762 2490 2074 2561; x_wconf 88' lang='lat' dir='ltr'>ordinem</span> <span class='ocrx_word' id='word_1_227' title='bbox 2112 2489 2574 2581; x_wconf 84' lang='lat' dir='ltr'>pontificalem</span> <span class='ocrx_word' id='word_1_228' title='bbox 2620 2492 2702 2561; x_wconf 89' lang='lat' dir='ltr'>ad</span> 
     </span>
     <span class='ocr_line' id='line_1_26' title="bbox 149 2579 2709 2672; baseline 0.001 -25"><span class='ocrx_word' id='word_1_229' title='bbox 149 2581 653 2672; x_wconf 87' lang='lat' dir='ltr'>praescriptum</span> <span class='ocrx_word' id='word_1_230' title='bbox 689 2579 1148 2650; x_wconf 87' lang='lat' dir='ltr'>Ecclesiastici</span> <span class='ocrx_word' id='word_1_231' title='bbox 1186 2592 1252 2650; x_wconf 88' lang='lat' dir='ltr'>et</span> <span class='ocrx_word' id='word_1_232' title='bbox 1301 2581 1618 2650; x_wconf 79' lang='lat' dir='ltr'>Canonici</span> <span class='ocrx_word' id='word_1_233' title='bbox 1653 2579 2020 2670; x_wconf 85' lang='lat' dir='ltr'>dogmatis,</span> <span class='ocrx_word' id='word_1_234' title='bbox 2064 2601 2204 2649; x_wconf 88' lang='lat' dir='ltr'>una</span> <span class='ocrx_word' id='word_1_235' title='bbox 2253 2601 2413 2649; x_wconf 89' lang='lat' dir='ltr'>cum</span> <span class='ocrx_word' id='word_1_236' title='bbox 2455 2580 2709 2651; x_wconf 91' lang='lat' dir='ltr'>beatis-</span> 
     </span>
     <span class='ocr_line' id='line_1_27' title="bbox 147 2667 2710 2760; baseline 0 -22"><span class='ocrx_word' id='word_1_237' title='bbox 147 2668 327 2738; x_wconf 89' lang='lat' dir='ltr'>simo</span> <span class='ocrx_word' id='word_1_238' title='bbox 344 2668 564 2760; x_wconf 88' lang='lat' dir='ltr'>Eligio</span> <span class='ocrx_word' id='word_1_239' title='bbox 587 2668 916 2759; x_wconf 86' lang='lat' dir='ltr'>suscepit.</span> <span class='ocrx_word' id='word_1_240' title='bbox 941 2674 1087 2740; x_wconf 90' lang='lat' dir='ltr'>Uno</span> <span class='ocrx_word' id='word_1_241' title='bbox 1110 2691 1409 2756; x_wconf 88' lang='lat' dir='ltr'>namque</span> <span class='ocrx_word' id='word_1_242' title='bbox 1430 2668 1542 2739; x_wconf 90' lang='lat' dir='ltr'>die</span> <span class='ocrx_word' id='word_1_243' title='bbox 1562 2668 1747 2758; x_wconf 89' lang='lat' dir='ltr'>apud</span> <span class='ocrx_word' id='word_1_244' title='bbox 1776 2689 1927 2737; x_wconf 89' lang='lat' dir='ltr'>eam</span> <span class='ocrx_word' id='word_1_245' title='bbox 1953 2667 2197 2738; x_wconf 88' lang='lat' dir='ltr'>urbem</span> <span class='ocrx_word' id='word_1_246' title='bbox 2220 2668 2423 2738; x_wconf 91' lang='lat' dir='ltr'>ambo</span> <span class='ocrx_word' id='word_1_247' title='bbox 2451 2669 2710 2759; x_wconf 88' lang='lat' dir='ltr'>pariter</span> 
     </span>
     <span class='ocr_line' id='line_1_28' title="bbox 143 2755 2700 2848; baseline 0.001 -23"><span class='ocrx_word' id='word_1_248' title='bbox 143 2755 449 2833; x_wconf 79' lang='lat' dir='ltr'>ordinati</span> <span class='ocrx_word' id='word_1_249' title='bbox 496 2771 683 2839; x_wconf 87' lang='lat' dir='ltr'>sunt,</span> <span class='ocrx_word' id='word_1_250' title='bbox 736 2771 1021 2841; x_wconf 85' lang='lat' dir='ltr'>sanctus</span> <span class='ocrx_word' id='word_1_251' title='bbox 1067 2757 1435 2828; x_wconf 75' lang='lat' dir='ltr'>Audoe&#39;nus</span> <span class='ocrx_word' id='word_1_252' title='bbox 1484 2756 1798 2844; x_wconf 72' lang='lat' dir='ltr'>eiusdem</span> <span class='ocrx_word' id='word_1_253' title='bbox 1850 2756 2046 2845; x_wconf 72' lang='lat' dir='ltr'>urbis</span> <span class='ocrx_word' id='word_1_254' title='bbox 2095 2757 2700 2848; x_wconf 78' lang='lat' dir='ltr'>Archiepiscopus,</span> 
     </span>
     <span class='ocr_line' id='line_1_29' title="bbox 144 2845 2706 2947; baseline 0 -32"><span class='ocrx_word' id='word_1_255' title='bbox 144 2858 434 2917; x_wconf 88' lang='lat' dir='ltr'>sanctus</span> <span class='ocrx_word' id='word_1_256' title='bbox 474 2868 629 2915; x_wconf 90' lang='lat' dir='ltr'>vero</span> <span class='ocrx_word' id='word_1_257' title='bbox 681 2845 946 2937; x_wconf 86' lang='lat' dir='ltr'>Eligius</span> <span class='ocrx_word' id='word_1_258' title='bbox 993 2847 1466 2918; x_wconf 86' lang='lat' dir='ltr'>Noviomensis</span> <span class='ocrx_word' id='word_1_259' title='bbox 1510 2845 1805 2936; x_wconf 79' lang='lat' dir='ltr'>(Noyon)</span> <span class='ocrx_word' id='word_1_260' title='bbox 1852 2846 2285 2947; x_wconf 79' lang='lat' dir='ltr'>Episcopus,</span> <span class='ocrx_word' id='word_1_261' title='bbox 2339 2868 2524 2917; x_wconf 87' lang='lat' dir='ltr'>anno</span> <span class='ocrx_word' id='word_1_262' title='bbox 2575 2851 2706 2915; x_wconf 90' lang='lat' dir='ltr'>Do-</span> 
     </span>
    </p>
   </div>
   <div class='ocr_carea' id='block_1_3' title="bbox 144 2933 2826 3026">
    <p class='ocr_par' dir='ltr' id='par_1_4' title="bbox 144 2933 2826 3026">
     <span class='ocr_line' id='line_1_30' title="bbox 144 2933 2826 3026; baseline 0.001 -22"><span class='ocrx_word' id='word_1_263' title='bbox 144 2934 450 3004; x_wconf 78' lang='lat' dir='ltr'>minicae</span> <span class='ocrx_word' id='word_1_264' title='bbox 509 2934 1005 3006; x_wconf 85' lang='lat' dir='ltr'>incarnationis</span> <span class='ocrx_word' id='word_1_265' title='bbox 1072 2936 1566 3006; x_wconf 83' lang='lat' dir='ltr'>sexcentesimo</span> <span class='ocrx_word' id='word_1_266' title='bbox 1633 2933 2203 3026; x_wconf 80' lang='lat' dir='ltr'>quadragesimo,</span> <span class='ocrx_word' id='word_1_267' title='bbox 2261 2934 2481 3023; x_wconf 88' lang='lat' dir='ltr'>pridie</span> <span class='ocrx_word' id='word_1_268' title='bbox 2535 2934 2708 3006; x_wconf 89' lang='lat' dir='ltr'>Idus</span> <span class='ocrx_word' id='word_1_269' title='bbox 2819 2992 2826 2997; x_wconf 69' lang='lat'>,</span> 
     </span>
    </p>
   </div>
   <div class='ocr_carea' id='block_1_4' title="bbox 140 3022 2800 4014">
    <p class='ocr_par' dir='ltr' id='par_1_5' title="bbox 140 3022 2800 4014">
     <span class='ocr_line' id='line_1_31' title="bbox 144 3022 2699 3115; baseline 0.001 -23"><span class='ocrx_word' id='word_1_270' title='bbox 144 3022 366 3110; x_wconf 78' lang='lat' dir='ltr'>Majas</span> <span class='ocrx_word' id='word_1_271' title='bbox 400 3077 417 3103; x_wconf 92' lang='lat'>,</span> <span class='ocrx_word' id='word_1_272' title='bbox 487 3024 840 3094; x_wconf 85' lang='lat' dir='ltr'>Dominico</span> <span class='ocrx_word' id='word_1_273' title='bbox 889 3024 1000 3094; x_wconf 91' lang='lat' dir='ltr'>die</span> <span class='ocrx_word' id='word_1_274' title='bbox 1048 3036 1205 3095; x_wconf 88' lang='lat' dir='ltr'>ante</span> <span class='ocrx_word' id='word_1_275' title='bbox 1255 3024 1576 3096; x_wconf 89' lang='lat' dir='ltr'>Litanias.</span> <span class='ocrx_word' id='word_1_276' title='bbox 1633 3028 1963 3115; x_wconf 88' lang='lat' dir='ltr'>Suscepto</span> <span class='ocrx_word' id='word_1_277' title='bbox 2030 3046 2185 3094; x_wconf 88' lang='lat' dir='ltr'>vero</span> <span class='ocrx_word' id='word_1_278' title='bbox 2235 3024 2653 3114; x_wconf 90' lang='lat' dir='ltr'>Episcopatu</span> <span class='ocrx_word' id='word_1_279' title='bbox 2684 3079 2699 3102; x_wconf 93' lang='lat'>‚</span> 
     </span>
     <span class='ocr_line' id='line_1_32' title="bbox 142 3110 2705 3204; baseline -0 -23"><span class='ocrx_word' id='word_1_280' title='bbox 142 3110 425 3199; x_wconf 88' lang='lat' dir='ltr'>qualem</span> <span class='ocrx_word' id='word_1_281' title='bbox 454 3134 527 3182; x_wconf 91' lang='lat' dir='ltr'>se</span> <span class='ocrx_word' id='word_1_282' title='bbox 552 3111 878 3204; x_wconf 88' lang='lat' dir='ltr'>deinceps</span> <span class='ocrx_word' id='word_1_283' title='bbox 906 3114 1317 3191; x_wconf 83' lang='lat' dir='ltr'>exhibuerit,</span> <span class='ocrx_word' id='word_1_284' title='bbox 1362 3114 1518 3200; x_wconf 89' lang='lat' dir='ltr'>quis</span> <span class='ocrx_word' id='word_1_285' title='bbox 1554 3135 1676 3204; x_wconf 90' lang='lat' dir='ltr'>pro</span> <span class='ocrx_word' id='word_1_286' title='bbox 1708 3112 2041 3204; x_wconf 85' lang='lat' dir='ltr'>dignitate</span> <span class='ocrx_word' id='word_1_287' title='bbox 2069 3136 2150 3182; x_wconf 80' lang='lat' dir='ltr'>ex</span> <span class='ocrx_word' id='word_1_288' title='bbox 2207 3113 2414 3183; x_wconf 87' lang='lat' dir='ltr'>licare</span> <span class='ocrx_word' id='word_1_289' title='bbox 2446 3115 2705 3200; x_wconf 77' lang='lat' dir='ltr'>queat?</span> 
     </span>
     <span class='ocr_line' id='line_1_33' title="bbox 144 3200 2704 3292; baseline 0 -23"><span class='ocrx_word' id='word_1_290' title='bbox 144 3212 269 3269; x_wconf 89' lang='lat' dir='ltr'>aut</span> <span class='ocrx_word' id='word_1_291' title='bbox 323 3200 482 3288; x_wconf 90' lang='lat' dir='ltr'>quis</span> <span class='ocrx_word' id='word_1_292' title='bbox 534 3213 718 3271; x_wconf 88' lang='lat' dir='ltr'>tanta</span> <span class='ocrx_word' id='word_1_293' title='bbox 775 3202 1115 3272; x_wconf 88' lang='lat' dir='ltr'>sermonis</span> <span class='ocrx_word' id='word_1_294' title='bbox 1175 3201 1373 3292; x_wconf 77' lang='lat' dir='ltr'>copia</span> <span class='ocrx_word' id='word_1_295' title='bbox 1433 3202 1812 3273; x_wconf 86' lang='lat' dir='ltr'>instructus</span> <span class='ocrx_word' id='word_1_296' title='bbox 1858 3213 2005 3283; x_wconf 88' lang='lat' dir='ltr'>est,</span> <span class='ocrx_word' id='word_1_297' title='bbox 2065 3224 2139 3270; x_wconf 87' lang='lat' dir='ltr'>ve</span> <span class='ocrx_word' id='word_1_298' title='bbox 2215 3202 2417 3291; x_wconf 88' lang='lat' dir='ltr'>cujus</span> <span class='ocrx_word' id='word_1_299' title='bbox 2484 3201 2704 3273; x_wconf 88' lang='lat' dir='ltr'>oratio</span> 
     </span>
     <span class='ocr_line' id='line_1_34' title="bbox 146 3288 2702 3381; baseline 0 -23"><span class='ocrx_word' id='word_1_300' title='bbox 146 3300 377 3358; x_wconf 82' lang='lat' dir='ltr'>tantae</span> <span class='ocrx_word' id='word_1_301' title='bbox 440 3288 829 3360; x_wconf 88' lang='lat' dir='ltr'>affluentiae</span> <span class='ocrx_word' id='word_1_302' title='bbox 889 3291 1197 3361; x_wconf 87' lang='lat' dir='ltr'>ubertate.</span> <span class='ocrx_word' id='word_1_303' title='bbox 1243 3290 1588 3371; x_wconf 81' lang='lat' dir='ltr'>exundat,</span> <span class='ocrx_word' id='word_1_304' title='bbox 1653 3303 1727 3361; x_wconf 93' lang='lat' dir='ltr'>ut</span> <span class='ocrx_word' id='word_1_305' title='bbox 1790 3313 2032 3360; x_wconf 87' lang='lat' dir='ltr'>omnes</span> <span class='ocrx_word' id='word_1_306' title='bbox 2080 3290 2231 3381; x_wconf 85' lang='lat' dir='ltr'>ejus</span> <span class='ocrx_word' id='word_1_307' title='bbox 2299 3292 2581 3362; x_wconf 88' lang='lat' dir='ltr'>virtutes</span> <span class='ocrx_word' id='word_1_308' title='bbox 2635 3301 2702 3360; x_wconf 91' lang='lat' dir='ltr'>et</span> 
     </span>
     <span class='ocr_line' id='line_1_35' title="bbox 144 3377 2708 3471; baseline 0.002 -25"><span class='ocrx_word' id='word_1_309' title='bbox 144 3388 330 3447; x_wconf 88' lang='lat' dir='ltr'>recte</span> <span class='ocrx_word' id='word_1_310' title='bbox 358 3377 560 3452; x_wconf 78' lang='lat' dir='ltr'>sacta,</span> <span class='ocrx_word' id='word_1_311' title='bbox 614 3377 706 3448; x_wconf 89' lang='lat' dir='ltr'>ita</span> <span class='ocrx_word' id='word_1_312' title='bbox 737 3393 813 3448; x_wconf 87' lang='lat' dir='ltr'>ut</span> <span class='ocrx_word' id='word_1_313' title='bbox 849 3401 975 3469; x_wconf 58' lang='lat' dir='ltr'>paq</span> <span class='ocrx_word' id='word_1_314' title='bbox 1002 3393 1125 3459; x_wconf 86' lang='lat' dir='ltr'>est,</span> <span class='ocrx_word' id='word_1_315' title='bbox 1169 3377 1465 3449; x_wconf 90' lang='lat' dir='ltr'>dicendo</span> <span class='ocrx_word' id='word_1_316' title='bbox 1495 3380 1826 3467; x_wconf 86' lang='lat' dir='ltr'>consequi</span> <span class='ocrx_word' id='word_1_317' title='bbox 1877 3379 2136 3471; x_wconf 71' lang='lat' dir='ltr'>possit?</span> <span class='ocrx_word' id='word_1_318' title='bbox 2186 3379 2373 3449; x_wconf 89' lang='lat' dir='ltr'>Idem</span> <span class='ocrx_word' id='word_1_319' title='bbox 2425 3401 2708 3471; x_wconf 82' lang='lat' dir='ltr'>semper</span> 
     </span>
     <span class='ocr_line' id='line_1_36' title="bbox 140 3467 2800 3558; baseline 0.002 -21"><span class='ocrx_word' id='word_1_320' title='bbox 140 3467 475 3538; x_wconf 88' lang='lat' dir='ltr'>robustus</span> <span class='ocrx_word' id='word_1_321' title='bbox 524 3488 959 3558; x_wconf 77' lang='lat' dir='ltr'>permane11S‚</span> <span class='ocrx_word' id='word_1_322' title='bbox 1013 3480 1077 3537; x_wconf 87' lang='lat' dir='ltr'>et</span> <span class='ocrx_word' id='word_1_323' title='bbox 1108 3469 1178 3537; x_wconf 90' lang='lat' dir='ltr'>in</span> <span class='ocrx_word' id='word_1_324' title='bbox 1211 3468 1478 3538; x_wconf 89' lang='lat' dir='ltr'>virtutis</span> <span class='ocrx_word' id='word_1_325' title='bbox 1527 3468 1757 3545; x_wconf 68' lang='lat' dir='ltr'>studia</span> <span class='ocrx_word' id='word_1_326' title='bbox 1787 3470 2220 3539; x_wconf 87' lang='lat' dir='ltr'>continenter</span> <span class='ocrx_word' id='word_1_327' title='bbox 2250 3469 2698 3550; x_wconf 78' lang='lat' dir='ltr'>incumbenS,</span> <span class='ocrx_word' id='word_1_328' title='bbox 2797 3539 2800 3542; x_wconf 75' lang='grc'>,</span> 
     </span>
     <span class='ocr_line' id='line_1_37' title="bbox 141 3555 2698 3657; baseline 0.001 -33"><span class='ocrx_word' id='word_1_329' title='bbox 141 3555 214 3624; x_wconf 91' lang='lat' dir='ltr'>in</span> <span class='ocrx_word' id='word_1_330' title='bbox 251 3569 491 3657; x_wconf 82' lang='lat' dir='ltr'>coepto</span> <span class='ocrx_word' id='word_1_331' title='bbox 532 3578 655 3646; x_wconf 83' lang='lat' dir='ltr'>pro</span> <span class='ocrx_word' id='word_1_332' title='bbox 706 3556 879 3626; x_wconf 89' lang='lat' dir='ltr'>osito</span> <span class='ocrx_word' id='word_1_333' title='bbox 926 3557 1478 3627; x_wconf 85' lang='lat' dir='ltr'>constantissime</span> <span class='ocrx_word' id='word_1_334' title='bbox 1514 3557 2011 3648; x_wconf 86' lang='lat' dir='ltr'>perseverabat.</span> <span class='ocrx_word' id='word_1_335' title='bbox 2068 3556 2322 3628; x_wconf 88' lang='lat' dir='ltr'>Eadem</span> <span class='ocrx_word' id='word_1_336' title='bbox 2362 3558 2433 3626; x_wconf 91' lang='lat' dir='ltr'>in</span> <span class='ocrx_word' id='word_1_337' title='bbox 2487 3556 2698 3628; x_wconf 87' lang='lat' dir='ltr'>corde</span> 
     </span>
     <span class='ocr_line' id='line_1_38' title="bbox 142 3644 2701 3738; baseline 0 -23"><span class='ocrx_word' id='word_1_338' title='bbox 142 3644 532 3726; x_wconf 81' lang='lat' dir='ltr'>humilitas,</span> <span class='ocrx_word' id='word_1_339' title='bbox 562 3667 643 3719; x_wconf 84' lang='lat' dir='ltr'>ea</span> <span class='ocrx_word' id='word_1_340' title='bbox 694 3667 804 3715; x_wconf 85' lang='lat' dir='ltr'>ern</span> <span class='ocrx_word' id='word_1_341' title='bbox 839 3646 905 3714; x_wconf 87' lang='lat' dir='ltr'>in</span> <span class='ocrx_word' id='word_1_342' title='bbox 941 3645 1132 3716; x_wconf 92' lang='lat' dir='ltr'>vultu</span> <span class='ocrx_word' id='word_1_343' title='bbox 1155 3646 1454 3734; x_wconf 82' lang='lat' dir='ltr'>gravitas</span> <span class='ocrx_word' id='word_1_344' title='bbox 1480 3658 1646 3716; x_wconf 89' lang='lat' dir='ltr'>erat.</span> <span class='ocrx_word' id='word_1_345' title='bbox 1683 3646 2008 3715; x_wconf 87' lang='lat' dir='ltr'>Eamdem</span> <span class='ocrx_word' id='word_1_346' title='bbox 2033 3666 2424 3738; x_wconf 84' lang='lat' dir='ltr'>pauperum</span> <span class='ocrx_word' id='word_1_347' title='bbox 2456 3668 2701 3716; x_wconf 91' lang='lat' dir='ltr'>curam</span> 
     </span>
     <span class='ocr_line' id='line_1_39' title="bbox 140 3734 2697 3825; baseline -0.001 -21"><span class='ocrx_word' id='word_1_348' title='bbox 140 3746 208 3804; x_wconf 92' lang='lat' dir='ltr'>et</span> <span class='ocrx_word' id='word_1_349' title='bbox 242 3734 782 3814; x_wconf 89' lang='lat' dir='ltr'>solicitudinem,</span> <span class='ocrx_word' id='word_1_350' title='bbox 827 3757 1034 3823; x_wconf 89' lang='lat' dir='ltr'>quam</span> <span class='ocrx_word' id='word_1_351' title='bbox 1076 3735 1292 3825; x_wconf 64' lang='lat' dir='ltr'>prius»,</span> <span class='ocrx_word' id='word_1_352' title='bbox 1340 3734 1695 3806; x_wconf 89' lang='lat' dir='ltr'>retinebat.</span> <span class='ocrx_word' id='word_1_353' title='bbox 1736 3735 1987 3804; x_wconf 89' lang='lat' dir='ltr'>Eadem</span> <span class='ocrx_word' id='word_1_354' title='bbox 2040 3734 2344 3806; x_wconf 87' lang='lat' dir='ltr'>fraterna</span> <span class='ocrx_word' id='word_1_355' title='bbox 2391 3735 2697 3814; x_wconf 87' lang='lat' dir='ltr'>dilectio,</span> 
     </span>
     <span class='ocr_line' id='line_1_40' title="bbox 143 3821 2704 3915; baseline -0 -23"><span class='ocrx_word' id='word_1_356' title='bbox 143 3822 384 3893; x_wconf 86' lang='lat' dir='ltr'>eadem</span> <span class='ocrx_word' id='word_1_357' title='bbox 437 3823 688 3894; x_wconf 89' lang='lat' dir='ltr'>mentis</span> <span class='ocrx_word' id='word_1_358' title='bbox 734 3825 1119 3894; x_wconf 90' lang='lat' dir='ltr'>constantia</span> <span class='ocrx_word' id='word_1_359' title='bbox 1171 3824 1271 3893; x_wconf 90' lang='lat' dir='ltr'>illi</span> <span class='ocrx_word' id='word_1_360' title='bbox 1325 3824 1805 3915; x_wconf 86' lang='lat' dir='ltr'>permanebat:</span> <span class='ocrx_word' id='word_1_361' title='bbox 1866 3823 1998 3894; x_wconf 89' lang='lat' dir='ltr'>nisi</span> <span class='ocrx_word' id='word_1_362' title='bbox 2028 3824 2211 3910; x_wconf 89' lang='lat' dir='ltr'>quod</span> <span class='ocrx_word' id='word_1_363' title='bbox 2267 3821 2704 3913; x_wconf 85' lang='lat' dir='ltr'>Episcopalis</span> 
     </span>
     <span class='ocr_line' id='line_1_41' title="bbox 143 3910 2697 4014; baseline 0 -34"><span class='ocrx_word' id='word_1_364' title='bbox 143 3911 485 4014; x_wconf 53' lang='lat' dir='ltr'>dignitas,</span> <span class='ocrx_word' id='word_1_365' title='bbox 525 3935 703 4001; x_wconf 86' lang='lat' dir='ltr'>quae</span> <span class='ocrx_word' id='word_1_366' title='bbox 737 3912 1220 4013; x_wconf 36' lang='lat' dir='ltr'>aliis-pompae</span> <span class='ocrx_word' id='word_1_367' title='bbox 1249 3912 1562 4002; x_wconf 46' lang='lat' dir='ltr'>erfastus</span> <span class='ocrx_word' id='word_1_368' title='bbox 1595 3913 1896 3982; x_wconf 81' lang='lat' dir='ltr'>fomenta</span> <span class='ocrx_word' id='word_1_369' title='bbox 1930 3913 2463 3983; x_wconf 88' lang='lat' dir='ltr'>subministrare</span> <span class='ocrx_word' id='word_1_370' title='bbox 2500 3910 2697 3992; x_wconf 91' lang='lat' dir='ltr'>solet,</span> 
     </span>
    </p>
   </div>
   <div class='ocr_carea' id='block_1_5' title="bbox 145 4000 2832 4091">
    <p class='ocr_par' dir='ltr' id='par_1_6' title="bbox 145 4000 2832 4091">
     <span class='ocr_line' id='line_1_42' title="bbox 145 4000 2832 4091; baseline -0 -21"><span class='ocrx_word' id='word_1_371' title='bbox 145 4022 209 4070; x_wconf 78' lang='lat' dir='ltr'>ei</span> <span class='ocrx_word' id='word_1_372' title='bbox 246 4002 529 4091; x_wconf 76' lang='lat' dir='ltr'>majoris</span> <span class='ocrx_word' id='word_1_373' title='bbox 556 4002 956 4091; x_wconf 78' lang='lat' dir='ltr'>abjectionis</span> <span class='ocrx_word' id='word_1_374' title='bbox 1005 4001 1311 4072; x_wconf 84' lang='lat' dir='ltr'>studium</span> <span class='ocrx_word' id='word_1_375' title='bbox 1347 4002 1614 4073; x_wconf 86' lang='lat' dir='ltr'>attulit:</span> <span class='ocrx_word' id='word_1_376' title='bbox 1670 4015 1875 4089; x_wconf 90' lang='lat' dir='ltr'>atque</span> <span class='ocrx_word' id='word_1_377' title='bbox 1924 4000 2112 4072; x_wconf 89' lang='lat' dir='ltr'>unde</span> <span class='ocrx_word' id='word_1_378' title='bbox 2143 4000 2263 4070; x_wconf 88' lang='lat' dir='ltr'>alii</span> <span class='ocrx_word' id='word_1_379' title='bbox 2294 4001 2381 4071; x_wconf 88' lang='lat' dir='ltr'>ad</span> <span class='ocrx_word' id='word_1_380' title='bbox 2424 4012 2703 4090; x_wconf 89' lang='lat' dir='ltr'>tempus</span> <span class='ocrx_word' id='word_1_381' title='bbox 2827 4048 2832 4069; x_wconf 83' lang='grc'><em>.</em></span> 
     </span>
    </p>
   </div>
   <div class='ocr_carea' id='block_1_6' title="bbox 142 4088 2701 4538">
    <p class='ocr_par' dir='ltr' id='par_1_7' title="bbox 144 4088 2696 4180">
     <span class='ocr_line' id='line_1_43' title="bbox 144 4088 2696 4180; baseline 0 -24"><span class='ocrx_word' id='word_1_382' title='bbox 144 4088 461 4161; x_wconf 86' lang='lat' dir='ltr'>videntur</span> <span class='ocrx_word' id='word_1_383' title='bbox 499 4090 753 4172; x_wconf 85' lang='lat' dir='ltr'>extolli,</span> <span class='ocrx_word' id='word_1_384' title='bbox 794 4090 862 4160; x_wconf 89' lang='lat' dir='ltr'>id</span> <span class='ocrx_word' id='word_1_385' title='bbox 895 4090 1011 4159; x_wconf 89' lang='lat' dir='ltr'>ille</span> <span class='ocrx_word' id='word_1_386' title='bbox 1047 4091 1327 4180; x_wconf 88' lang='lat' dir='ltr'>majoris</span> <span class='ocrx_word' id='word_1_387' title='bbox 1362 4091 1775 4160; x_wconf 86' lang='lat' dir='ltr'>humilitatis</span> <span class='ocrx_word' id='word_1_388' title='bbox 1806 4090 1952 4160; x_wconf 89' lang='lat' dir='ltr'>sibi·</span> <span class='ocrx_word' id='word_1_389' title='bbox 1981 4090 2341 4159; x_wconf 88' lang='lat' dir='ltr'>materiam</span> <span class='ocrx_word' id='word_1_390' title='bbox 2386 4089 2696 4159; x_wconf 83' lang='lat' dir='ltr'>effecit...</span> 
     </span>
    </p>

    <p class='ocr_par' dir='ltr' id='par_1_8' title="bbox 142 4177 2701 4538">
     <span class='ocr_line' id='line_1_44' title="bbox 225 4177 2691 4269; baseline -0.001 -20"><span class='ocrx_word' id='word_1_391' title='bbox 225 4178 272 4265; x_wconf 66' lang='grc' dir='ltr'>ἓ</span> <span class='ocrx_word' id='word_1_392' title='bbox 319 4184 466 4252; x_wconf 72' lang='lat' dir='ltr'>in.</span> <span class='ocrx_word' id='word_1_393' title='bbox 523 4186 802 4250; x_wconf 87' lang='lat' dir='ltr'>Peccata</span> <span class='ocrx_word' id='word_1_394' title='bbox 855 4202 939 4249; x_wconf 92' lang='lat' dir='ltr'>ne</span> <span class='ocrx_word' id='word_1_395' title='bbox 990 4181 1136 4269; x_wconf 88' lang='lat' dir='ltr'>ipse</span> <span class='ocrx_word' id='word_1_396' title='bbox 1182 4179 1593 4260; x_wconf 86' lang='lat' dir='ltr'>admitteret,</span> <span class='ocrx_word' id='word_1_397' title='bbox 1649 4178 1969 4251; x_wconf 86' lang='lat' dir='ltr'>cavebat:</span> <span class='ocrx_word' id='word_1_398' title='bbox 2024 4180 2112 4248; x_wconf 91' lang='lat' dir='ltr'>ab</span> <span class='ocrx_word' id='word_1_399' title='bbox 2159 4177 2316 4248; x_wconf 89' lang='lat' dir='ltr'>aliis</span> <span class='ocrx_word' id='word_1_400' title='bbox 2356 4178 2691 4257; x_wconf 87' lang='lat' dir='ltr'>admissa,</span> 
     </span>
     <span class='ocr_line' id='line_1_45' title="bbox 142 4266 2701 4358; baseline -0.001 -21"><span class='ocrx_word' id='word_1_401' title='bbox 142 4266 332 4337; x_wconf 87' lang='lat' dir='ltr'>haud</span> <span class='ocrx_word' id='word_1_402' title='bbox 384 4290 581 4340; x_wconf 91' lang='lat' dir='ltr'>secus</span> <span class='ocrx_word' id='word_1_403' title='bbox 628 4291 706 4339; x_wconf 88' lang='lat' dir='ltr'>ac</span> <span class='ocrx_word' id='word_1_404' title='bbox 756 4292 882 4340; x_wconf 88' lang='lat' dir='ltr'>sua</span> <span class='ocrx_word' id='word_1_405' title='bbox 930 4268 1252 4358; x_wconf 87' lang='lat' dir='ltr'>lugebat:</span> <span class='ocrx_word' id='word_1_406' title='bbox 1310 4268 1495 4358; x_wconf 89' lang='lat' dir='ltr'>plebi</span> <span class='ocrx_word' id='word_1_407' title='bbox 1541 4268 1884 4338; x_wconf 82' lang='lat' dir='ltr'>salutares</span> <span class='ocrx_word' id='word_1_408' title='bbox 1941 4268 2314 4339; x_wconf 86' lang='lat' dir='ltr'>adhibebat</span> <span class='ocrx_word' id='word_1_409' title='bbox 2375 4267 2701 4337; x_wconf 84' lang='lat' dir='ltr'>admoni-</span> 
     </span>
     <span class='ocr_line' id='line_1_46' title="bbox 142 4356 2698 4449; baseline -0 -23"><span class='ocrx_word' id='word_1_410' title='bbox 142 4356 390 4436; x_wconf 74' lang='lat' dir='ltr'>t-ioneS,</span> <span class='ocrx_word' id='word_1_411' title='bbox 428 4371 492 4427; x_wconf 88' lang='lat' dir='ltr'>et</span> <span class='ocrx_word' id='word_1_412' title='bbox 524 4357 769 4427; x_wconf 85' lang='lat' dir='ltr'>Christi</span> <span class='ocrx_word' id='word_1_413' title='bbox 802 4381 952 4428; x_wconf 88' lang='lat' dir='ltr'>eam</span> <span class='ocrx_word' id='word_1_414' title='bbox 989 4370 1348 4449; x_wconf 87' lang='lat' dir='ltr'>praecepta</span> <span class='ocrx_word' id='word_1_415' title='bbox 1382 4357 1691 4427; x_wconf 86' lang='lat' dir='ltr'>docebat.</span> <span class='ocrx_word' id='word_1_416' title='bbox 1733 4362 2084 4428; x_wconf 87' lang='lat' dir='ltr'>Protervos</span> <span class='ocrx_word' id='word_1_417' title='bbox 2127 4378 2261 4426; x_wconf 90' lang='lat' dir='ltr'>non</span> <span class='ocrx_word' id='word_1_418' title='bbox 2296 4357 2514 4427; x_wconf 89' lang='lat' dir='ltr'>armis</span> <span class='ocrx_word' id='word_1_419' title='bbox 2548 4356 2698 4425; x_wconf 90' lang='lat' dir='ltr'>vin-</span> 
     </span>
     <span class='ocr_line' id='line_1_47' title="bbox 142 4446 2688 4538; baseline -0 -21"><span class='ocrx_word' id='word_1_420' title='bbox 142 4446 367 4527; x_wconf 88' lang='lat' dir='ltr'>cebat,</span> <span class='ocrx_word' id='word_1_421' title='bbox 421 4446 539 4519; x_wconf 87' lang='lat' dir='ltr'>sed</span> <span class='ocrx_word' id='word_1_422' title='bbox 591 4447 954 4538; x_wconf 71' lang='lat' dir='ltr'>patientia:</span> <span class='ocrx_word' id='word_1_423' title='bbox 1010 4447 1346 4538; x_wconf 85' lang='lat' dir='ltr'>superbos</span> <span class='ocrx_word' id='word_1_424' title='bbox 1396 4446 1643 4518; x_wconf 83' lang='lat' dir='ltr'>Christi</span> <span class='ocrx_word' id='word_1_425' title='bbox 1675 4446 1849 4537; x_wconf 86' lang='lat' dir='ltr'>jugo</span> <span class='ocrx_word' id='word_1_426' title='bbox 1882 4447 2294 4517; x_wconf 80' lang='lat' dir='ltr'>suavissimo</span> <span class='ocrx_word' id='word_1_427' title='bbox 2326 4446 2688 4518; x_wconf 90' lang='lat' dir='ltr'>subdebat.</span> 
     </span>
    </p>
   </div>
  </div>
 </body>
</html>
