3308 5004
752 321 882 387 130
1668 339 1749 386 nn
1797 339 1855 387 s.
1909 283 2213 388 cosmum
2920 315 3082 383 Ana.
3121 316 3153 384 1
3257 325 3258 398 l

652 418 1001 512 Stephano
1045 418 1414 490 cardinali.
1473 418 1795 495 lacuerat
1841 418 2184 490 exanimis
2228 441 2268 488 a
2304 439 2507 489 mane
2551 438 2771 506 usque
2814 415 2893 487 ad
2952 416 3157 486 horam

652 530 946 579 nonam.

737 600 775 685 ἓ
822 603 971 671 18.
1026 595 1117 666 Ad
1185 596 1313 667 hoc
1360 618 1583 685 usque
1658 610 1930 688 tempus
1992 597 2063 667 in
2124 598 2303 667 Urbe
2375 600 2638 667 Fratres
2700 593 3161 665 Praedicatores
3257 597 3258 662 1

648 686 836 778 apud
890 691 955 757 S.
1016 685 1282 756 Sixtum
1335 699 1784 767 manserant,
1840 685 1961 757 ubi
2010 686 2180 757 haec
2228 698 2295 755 et
2343 685 2547 777 plura
2594 684 2729 754 alia
2791 680 3163 753 admiranda

646 776 1086 866 omnipotens
1133 775 1445 845 Salvator
1493 797 1614 866 per
1663 779 1729 845 S.
1787 775 2223 845 Dominicum
2274 785 2600 865 operatus
2631 784 2758 844 est.
2795 776 2869 843 At
2899 768 3166 871 Pontifex

648 865 1034 945 HonoriuS,
1101 863 1223 951 qui
1293 864 1516 933 virum
1587 863 1702 933 Dei
1767 863 1954 932 haud
2026 863 2140 933 vul
2193 862 2403 933 ariter
2469 863 2791 943 amabat,
2841 860 3164 931 ecclesiam

649 958 719 1024 S.
772 953 1068 1024 Sabinae
1115 953 1217 1023 eis
1266 951 1551 1022 tradidit
1600 950 2067 1033 incolendam,
2108 975 2154 1021 u
2206 951 2605 1039 ihodieque
2637 949 3031 1020 Pontificum
3065 949 3167 1019 be·

646 1042 1034 1114 nevolentia
1069 1043 1538 1142 perseverant.
1593 1045 1686 1111 Eo
1734 1041 1949 1112 libros
1997 1053 2064 1111 et
2109 1041 2370 1121 omnia,
2423 1061 2602 1128 quae
2636 1041 2963 1140 hactenus
3005 1033 3164 1126 apud

646 1145 967 1202 sanctum
1018 1135 1280 1200 Sixtum
1351 1130 1783 1213 habuerant,
1862 1129 2298 1200 transtulere.
2368 1134 2445 1198 In
2497 1150 2580 1199 ea
2625 1128 2913 1198 ecclesia
2955 1130 3016 1195 S.
3064 1128 3168 1224 δεῖ

645 1220 850 1291 binae
901 1220 1260 1291 beatorum
1302 1231 1692 1309 martyrum
1738 1218 2103 1290 Alexandri
2151 1224 2396 1308 Papae,
2451 1217 2713 1288 Eventii
2762 1228 2826 1286 et
2872 1211 3167 1284 Theodith

643 1330 933 1400 corpora
968 1308 1361 1395 quiescunt.
1414 1312 1482 1378 Is
1514 1307 1917 1387 Alexander,
1956 1329 1997 1377 a
2032 1307 2227 1378 beato
2261 1313 2456 1377 Petro
2488 1305 2807 1396 Apostolo
2834 1303 3163 1393 septimae,

645 1411 711 1469 et
760 1398 973 1498 hujus
1024 1396 1328 1465 nominis
1428 1397 1651 1466 rimus
1709 1403 2061 1466 Romanae
2118 1396 2304 1466 sedis
2356 1394 2686 1477 Pontifex,
2732 1394 2864 1464 sub
2910 1392 3166 1488 Trajano

650 1487 965 1578 principe
994 1497 1144 1576 post
1173 1485 1379 1555 vincu
1411 1508 1473 1567 a,
1504 1507 1838 1566 carceres„
1874 1484 2218 1566 eculeum,
2253 1484 2449 1575 ignes
2472 1497 2534 1554 et
2560 1483 2890 1575 ungulas,
2927 1491 3169 1572 punctis

645 1574 1088 1646 creberrimis
1147 1595 1267 1663 per
1314 1586 1452 1644 tota
1502 1575 1815 1645 membra
1864 1586 2263 1664 peremptus
2308 1585 2456 1642 cst:
2510 1573 2840 1643 Eventius
2887 1583 2950 1640 et
2987 1569 3171 1638 Theo-

647 1665 861 1734 dulus
911 1663 1319 1755 presbyteri,
1376 1676 1527 1754 post
1576 1663 1852 1764 longam
1906 1663 2204 1733 carceris
2256 1661 2684 1732 tolerantiam
2739 1660 3013 1752 ignibus
3041 1677 3171 1758 exa·

646 1752 942 1833 minati,
997 1751 1080 1820 ad
1132 1765 1512 1822 extremum
1563 1766 1789 1841 capite
1841 1752 2025 1821 caesi
2088 1762 2298 1821 sunt:
2369 1772 2754 1838 eorumque
2816 1746 3174 1847 illustribus

641 1842 861 1911 titulis
900 1840 1011 1910 hic
1042 1845 1351 1910 Fratrum
1383 1841 1936 1911 Praedicatorum
1973 1840 2166 1910 locus
2193 1852 2501 1909 ornatur.
2533 1843 2729 1909 Extat
2761 1859 2919 1908 vero
2946 1834 3172 1904 ibidem

641 1930 888 2000 titulus
936 1929 1236 2030 insignis
1292 1934 1355 1999 S.
1414 1929 1750 2011 Sabinae,
1811 1929 2016 2018 cujus
2056 1928 2439 2000 cardinalis
2486 1928 2617 1997 fuit
2665 1933 2868 2019 Hugo
2924 1921 3171 1996 Ordinis

642 2019 1155 2100 Praedicatorii,
1194 2018 1298 2087 vir
1329 2018 1774 2090 doctissimus
1821 2029 1887 2087 et
1934 2017 2345 2107 cumprimis
2391 2017 2809 2107 religiosus:
2849 2016 3043 2107 cujus
3071 2011 3175 2079 do-

637 2108 863 2178 ctrina
903 2107 1317 2197 scriptisque
1353 2107 1729 2198 praeclaris
1779 2106 2120 2194 hodieque
2168 2105 2473 2177 Ecclesia
2502 2107 2852 2176 eruditur.

729 2199 766 2285 §
814 2201 956 2270 u.
1010 2195 1104 2265 Ad
1154 2218 1359 2282 quem
1406 2217 1573 2266 sane
1604 2218 1766 2266 cum
1811 2218 1882 2267 se
1928 2196 2407 2274 contulissent,
2447 2207 2523 2265 ut
2555 2195 2894 2278 diximus,
2941 2198 3175 2261 Fratres

644 2308 801 2356 cum
854 2284 1181 2355 omnibus
1221 2284 1427 2354 rebus
1483 2286 1653 2366 suis,
1701 2296 1943 2375 agente
1990 2285 2187 2354 beato
2229 2298 2418 2374 patre
2471 2284 2876 2364 Dominico,
2934 2295 3180 2376 tempus

644 2376 732 2446 ab
768 2374 885 2443 illo
924 2373 1403 2464 praestitutum
1438 2386 1563 2454 est,
1609 2395 1748 2461 quo
1789 2373 2115 2444 deberent
2162 2395 2430 2443 sorores
2466 2374 2535 2441 in
2571 2372 2943 2442 ecclesiam
2981 2378 3178 2468 sancti

643 2464 833 2546 Sixti,
889 2462 1011 2534 ubi
1060 2467 1324 2533 Fratres
1372 2463 1708 2533 hactenus
1759 2462 2254 2543 habitaverant,
2309 2460 2705 2533 succedere.
2754 2465 2950 2533 Anno
2989 2459 3180 2549 igitur

641 2575 681 2624 a
724 2567 879 2623 nato
929 2551 1273 2623 Salvatore
1321 2572 1550 2622 Mccx1x
1600 2557 1685 2621 42
1717 2551 2050 2622 Calendas
2097 2552 2344 2632 Martii,
2400 2551 2768 2623 Abbatissa
2798 2572 2960 2621 cum
3012 2566 3177 2616 soro-

643 2642 837 2712 ribus
886 2646 952 2711 S.
1006 2641 1256 2711 Mariae
1303 2641 1858 2711 Transtiberinae
1915 2640 2403 2730 possidendam
2456 2660 2790 2729 accepere
2839 2635 3183 2733 ecclesiam

641 2730 863 2801 sancti
914 2730 1104 2809 Sixti,
1159 2730 1394 2816 ibique
1439 2730 1747 2799 babitare
1794 2741 2192 2819 coeperunt,
2257 2730 2544 2799 Domino
2605 2742 2947 2820 perpetuo
2995 2745 3184 2796 servi-

638 2829 856 2888 turae.
893 2822 1051 2887 Erat
1081 2818 1259 2886 inter
1294 2817 1447 2886 illas
1480 2817 1715 2907 puella
1760 2817 2102 2904 quaedam
2153 2817 2465 2897 Caecilia,
2512 2839 2741 2889 annos
2777 2829 2940 2887 nata
2968 2815 3186 2885 decem

635 2920 702 2977 et
752 2917 1037 2996 septem.
1091 2910 1184 2975 Ea
1216 2907 1286 2974 in
1324 2906 1475 2996 ipso
1507 2919 1740 2995 portae
1790 2907 2109 2996 ingressu
2149 2908 2373 2997 prima
2409 2918 2565 2976 ante
2598 2928 2852 2976 omnes
2889 2904 3186 2975 habitum

635 2994 914 3067 Ordinis
961 2994 1188 3063 induit
1228 2993 1611 3063 ministerio
1661 2994 1843 3064 beati
1891 2994 2044 3074 viri,
2097 2994 2169 3063 in
2231 2995 2433 3084 cujus
2485 3017 2745 3066 manus
2801 2995 2996 3067 tertio
3042 2990 3187 3062 obe·

639 3083 970 3155 dientiam
1042 3082 1384 3172 promisit.
1450 3087 1605 3152 Post
1666 3105 1817 3151 eam
1887 3083 2248 3153 Abbatissa
2313 3095 2767 3172 caeteraeque
2824 3104 3091 3154 sorores
3132 3088 3191 3145 et

638 3171 898 3241 multae
929 3169 1104 3240 aliae
1143 3192 1302 3241 eum
1353 3171 1669 3241 habitum
1721 3172 2131 3261 simpliciter
2177 3194 2545 3263 suscepere
2590 3186 2662 3243 et
2701 3172 3189 3264 professionem

635 3259 854 3329 fecere
889 3283 902 3324 τ
956 3280 1134 3345 quae
1170 3280 1413 3331 omnes
1445 3271 1640 3329 erant
1672 3282 1960 3330 numero
1990 3274 2288 3348 quatuor
2333 3274 2398 3331 et
2444 3261 2945 3365 quadraginta.
3006 3266 3190 3329 Porro

640 3348 931 3418 Romani
980 3348 1170 3417 illam
1212 3348 1554 3438 insignem
1611 3348 2050 3419 beatissimae
2096 3351 2328 3419 Matris
2380 3351 2493 3419 Dei
2544 3351 2937 3443 imaginem
2969 3406 2985 3432 ,
3027 3364 3191 3436 quae

637 3436 823 3528 apud
874 3435 1204 3505 Moniales
1253 3449 1442 3507 trans
1491 3437 1788 3507 Tiberim
1849 3438 2106 3521 fuerat,
2164 3439 2324 3509 inde
2380 3439 2526 3508 tolli
2583 3440 2966 3521 nolebant,
3017 3431 3190 3525 quod

638 3525 906 3595 facilior
952 3523 1096 3596 illic
1145 3525 1246 3594 eis
1306 3526 1392 3595 ad
1444 3525 1632 3595 illam
1684 3527 2291 3617 contemplandam
2340 3527 2572 3597 aditus
2623 3542 2921 3614 pateret.
2966 3534 3194 3612 Itaque

635 3614 740 3684 vir
777 3625 1060 3684 sanctus
1110 3626 1306 3684 nocte
1354 3616 1690 3701 sequenti,
1746 3616 2021 3687 duobus
2054 3616 2558 3697 CardinalibuS,
2612 3618 2907 3688 Nicolao
2948 3623 3196 3687 Tuscu·

634 3704 791 3773 lano
840 3703 1201 3794 Episcop0,
1253 3715 1319 3772 et
1367 3704 1735 3794 Stephano,
1788 3706 1990 3796 cujus
2033 3718 2346 3796 nepotem
2396 3704 2480 3774 ad
2525 3705 2739 3775 vitam
2798 3713 3189 3779 revocarat,

633 3792 1151 3874 comitantibus,
1181 3804 1431 3861 etcum
1464 3793 1829 3884 permultis
1857 3794 2037 3875 aliis,
2063 3794 2269 3865 simul
2303 3794 2506 3863 etiam
2545 3816 2810 3895 magna
2849 3796 3197 3865 luminum

633 3882 834 3972 copia
875 3893 1021 3951 tum
1060 3880 1530 3971 praecedente,
1572 3894 1719 3952 tum
1755 3883 2238 3970 subsequente,
2279 3883 2487 3952 nudis
2530 3882 2841 3974 pedibus
2876 3882 3198 3953 inceden-

631 3971 839 4050 tibus,
879 3969 1073 4040 illam
1108 3969 1378 4040 cunctis
1402 3972 1905 4060 optatissimam
1940 3984 2006 4042 et
2042 3971 2524 4042 dulcissimam
2558 3972 2929 4063 virgineae
2971 3968 3198 4042 Matris

631 4059 1008 4150 imaginem
1041 4059 1341 4150 propriis
1367 4058 1681 4130 humeris
1713 4061 2260 4131 reverentissime
2286 4060 2668 4151 deportavit
2706 4085 2723 4129 :
2782 4084 3004 4150 quam
3039 4078 3199 4133 sane

635 4168 902 4219 sorores
954 4148 1163 4218 nudis
1213 4148 1530 4239 pedibuS,
1583 4162 1858 4219 orantes
1905 4150 2398 4241 expectabant,
2464 4163 2529 4219 et
2586 4172 2751 4219 cum
2829 4149 3198 4242 lacrymis,

639 4235 995 4335 multaque
1057 4238 1275 4307 animi
1331 4237 1747 4307 exultatione
1802 4252 2260 4329 exceperunt:
2331 4251 2838 4328 permanetque
2886 4263 2971 4311 ea
3017 4235 3200 4329 apud

640 4322 798 4393 illas
844 4347 1064 4411 usque
1111 4326 1180 4395 in
1230 4326 1647 4397 hodiernum
1687 4326 1897 4398 diem.
3257 4392 3258 4401 ,

730 4415 765 4498 ξ
817 4416 953 4485 15.
1007 4414 1315 4486 Primum
1354 4416 1479 4486 hoc
1510 4438 1826 4487 sororum
1862 4416 2355 4488 monasterium
2396 4425 2635 4488 auctor
2665 4426 2737 4488 et
2777 4418 3206 4489 architectus
