3308 5004
680 317 809 382 286
1499 334 1577 380 na
1626 333 1683 380 s.
1736 333 1938 381 cuna
1988 331 2242 380 vmcmr.
2812 313 2998 380 AUG.
3052 314 3142 379 ⁴2

592 442 631 485 «
672 418 851 488 Vade
901 440 1138 490 secura
1170 473 1185 496 ‚
1252 417 1416 506 quia
1462 417 1722 487 bonurn
1797 417 2009 487 habes
2056 416 2478 487 conductum
2554 415 2845 487 itineris.
2898 416 3081 487 Vade
3117 413 3163 498 ,⁹

591 509 920 596 quoniam
971 508 1092 595 qui
1141 518 1203 576 te
1249 507 1538 587 creavit,
1593 506 2094 576 sanctificavit:
2145 519 2211 575 et
2257 504 2654 575 custodiens
2703 519 2765 575 te
2813 527 3135 595 semper,

591 597 778 667 velut
818 608 1033 666 mater
1065 595 1313 676 filium,
1368 607 1598 665 tenero
1647 617 1881 665 amore
1928 594 2186 665 dilexit.
2239 599 2361 676 Tu,
2406 594 2654 681 inquit,
2693 595 2979 665 Domine
3013 596 3143 665 be·

592 685 907 756 nedictus
940 685 1058 766 sis,
1098 684 1219 772 qui
1270 706 1380 753 me
1425 684 1696 754 creasti.
1739 710 1766 749 »
1821 689 2041 767 Quam
2072 705 2232 753 cum
2269 681 2607 770 quaedam
2661 705 2741 753 ex
2776 684 3143 754 sororibus

593 775 1066 864 interrogaret,
1119 773 1233 842 cui
1283 773 1720 860 loqueretur,
1775 772 1895 843 illa
1943 772 2339 864 respondit:
2394 777 2531 862 Ego
2580 771 2824 860 loquor
2860 773 3147 842 animae

592 885 782 933 meae
830 862 1247 932 benedictae.
1323 867 1455 932 Nec
1521 861 1637 931 ille
1696 861 2041 952 gloriosus
2099 860 2487 932 conductus
2534 860 2738 951 longe
2799 861 3130 932 distabat.

588 953 756 1022 Nam
791 951 876 1020 ad
930 951 1305 1038 quamdam
1359 950 1571 1020 filiam
1623 972 1697 1020 se
1743 963 2170 1032 convertens,
2230 949 2426 1020 Vides
2475 962 2568 1030 tu,
2624 950 2873 1037 inquit,
2913 972 2952 1020 o
2985 950 3141 1021 filia

590 1047 838 1131 Regem
889 1038 1171 1131 gloriae,
1223 1061 1430 1127 quem
1479 1060 1603 1129 ego
1656 1039 1904 1109 video?
1952 1045 2170 1130 Super
2217 1038 2424 1108 aliam
2475 1060 2749 1127 quoque
2807 1037 2986 1109 facta
3030 1052 3144 1110 est

589 1152 839 1199 manus
889 1129 1184 1208 Domini,
1231 1141 1297 1197 et
1327 1127 1806 1218 corporalibus
1854 1128 2075 1199 oculis
2120 1127 2387 1197 felicem
2425 1127 2601 1197 inter
2642 1130 2985 1218 lacrymas
3016 1149 3142 1197 ex-

587 1218 756 1309 cipit
802 1218 1057 1287 visum.
1126 1216 1367 1286 Jaculo
1430 1216 1714 1304 quidem
1765 1217 2092 1308 profundi
2153 1216 2412 1286 doloris
2476 1216 2831 1297 confossa,
2896 1238 3139 1286 versus

589 1321 857 1398 portam
908 1306 1160 1376 domus
1211 1305 1428 1375 aciem
1464 1305 1703 1397 dirigit
1734 1306 2143 1376 oculorum:
2197 1317 2260 1375 et
2307 1327 2465 1375 ecce
2500 1306 2565 1373 in
2620 1306 2921 1375 vestibus
2954 1305 3140 1374 albis

590 1397 791 1466 turba
821 1394 1207 1485 ingreditur
1237 1394 1611 1485 virginum,
1659 1417 1836 1482 quae
1867 1416 2108 1464 omnes
2136 1415 2346 1463 aurea
2386 1406 2563 1464 serta
2604 1395 2751 1464 suis
2785 1395 3140 1485 capitibus

588 1483 1003 1554 deferebant.
1060 1483 1384 1554 Graditur
1430 1484 1608 1552 inter
1653 1505 1769 1553 eas
1817 1506 1957 1553 una
2001 1483 2414 1573 praeclarior
2458 1484 2767 1564 caeteriS,
2821 1505 2899 1553 ex
2928 1484 3138 1572 cujus

588 1595 837 1643 corona
868 1627 883 1654 ,
935 1594 1113 1660 quae
1160 1573 1230 1641 in
1282 1593 1557 1643 summo
1605 1573 1739 1652 sui,
1798 1571 2148 1642 fenestrati
2212 1571 2528 1641 thuribili
2579 1572 2877 1662 speciem
2935 1593 3137 1662 prae-

470 1671 475 1676 '
589 1661 930 1742 tendebat,
975 1674 1206 1731 tantus
1253 1660 1583 1751 splendor
1616 1661 1924 1742 irradiat,
1972 1673 2046 1731 ut
2079 1675 2342 1730 noctem
2377 1661 2596 1751 ipsam
2633 1661 2701 1729 in
2734 1660 2872 1730 diei
2903 1661 3137 1730 lucem

587 1752 764 1820 intra
824 1750 1106 1820 domum
1160 1762 1529 1820 convertat.
1582 1750 1895 1820 Procedit
1942 1749 2025 1819 ad
2098 1749 2451 1829 lectulum,
2505 1749 2626 1820 ubi
2677 1773 2708 1820 s
2762 1772 2930 1820 onsa
2980 1749 3137 1819 Filii

586 1839 902 1920 decubat,
956 1851 1021 1908 et
1065 1839 1543 1909 amantissime
1576 1861 1647 1908 se
1671 1837 1907 1930 'super
1935 1860 2085 1908 eam
2124 1838 2493 1919 inclinans,
2542 1861 2703 1929 amp
2735 1861 2935 1908 exum
2972 1838 3138 1908 dul-

588 1928 951 1999 cissimum
1003 1939 1324 2017 praestat.
1377 1926 1724 1998 Profertur
1770 1950 1810 1997 a
1861 1928 2248 2019 virginibus
2307 1927 2521 1997 mirae
2590 1926 3135 2019 pulchritudinis

590 2016 876 2107 pallium
910 2069 931 2098 ,
1002 2039 1081 2085 ac
1128 2017 1436 2086 certatim
1508 2016 2056 2086 deservientibus
2102 2015 2417 2096 cunctiS‚
2471 2028 2536 2085 et
2584 2016 2817 2086 Clarae
2873 2037 3134 2104 corpus

591 2104 863 2196 tegitur,
915 2118 980 2175 et
1010 2105 1358 2176 thalamus
1406 2105 1807 2175 adornatur.
1846 2110 1919 2174 In
1954 2105 2253 2174 crastino
2282 2104 2495 2195 igitur
2534 2105 2712 2175 beati
2753 2104 3127 2187 Laurentii,

587 2194 939 2284 egreditur
983 2195 1216 2263 anima
1264 2194 1384 2264 illa
1431 2194 1865 2265 sanctissima
1901 2250 1917 2276 ‚
1974 2195 2279 2284 praemio
2331 2207 2657 2283 perpetuo
2706 2193 3128 2264 laureanda:

588 2282 980 2384 temploque
1012 2283 1242 2354 carnis
1291 2282 1536 2363 solut0,
1591 2283 1880 2373 spiritus
1925 2281 2213 2352 feliciter
2261 2283 2579 2373 migravit
2625 2282 2707 2352 ad
2753 2295 2959 2352 astra.
3010 2287 3134 2351 Be-

587 2372 904 2442 nedictus
965 2371 1121 2443 talis
1167 2372 1390 2442 exitus
1447 2372 1533 2442 de
1598 2371 1773 2441 valle
1821 2372 2179 2454 miseriae,
2232 2373 2354 2459 qui
2403 2372 2726 2442 introitus
2783 2371 2846 2441 ei
2896 2371 3135 2442 beatae

584 2461 823 2533 factus*
855 2472 956 2532 est
1005 2463 1202 2532 vitae.

670 2554 707 2638 ξ
754 2554 899 2624 81.
955 2556 1218 2621 Rumor
1264 2550 1720 2621 incontinenti
1760 2550 1845 2619 de
1881 2550 2176 2621 transitu
2211 2549 2499 2641 virginis
2534 2562 2749 2620 totum
2787 2549 3131 2640 stupendo

582 2640 830 2711 auditu
879 2641 1184 2710 concutit
1231 2639 1566 2730 populum
1616 2639 1936 2709 civitatis.
1976 2640 2345 2710 Conssuunt
2378 2638 2529 2721 viri,
2574 2639 2939 2709 confluunt
2977 2662 3136 2709 mu-

579 2729 784 2803 lieres
830 2728 914 2797 ad
952 2728 1195 2799 'locum
1233 2783 1248 2811 ,
1301 2741 1507 2815 atque
1554 2729 1622 2797 in
1680 2740 1868 2799 tanta
1929 2728 2374 2798 multitudine
2421 2741 2660 2819 gentes
2727 2728 3125 2807 inundant,

588 2831 666 2888 ut
717 2817 864 2888 sola
910 2816 1225 2886 videatur
1269 2818 1511 2887 civitas
1557 2838 1939 2887 remanere.
1992 2820 2246 2886 Omnes
2292 2829 2650 2899 sanctam,
2704 2838 2947 2886 omnes
2998 2822 3132 2886 Deo

580 2907 864 2977 charam
916 2906 1369 2996 proclamant,
1404 2919 1470 2976 et
1509 2906 1687 2976 inter
1719 2905 2008 2975 laudum
2059 2906 2264 2976 verba
2308 2906 2626 2976 nonnulli
2668 2906 2944 2975 fletibus
2982 2927 3133 2974 ma·

581 3007 773 3064 nant.
826 2995 1137 3065 Accurrit
1184 3005 1480 3084 potestas
1527 3017 1688 3064 cum
1739 3007 2009 3065 caterva
2058 2993 2358 3064 militum
2407 3007 2472 3064 et
2524 2993 2970 3064 multitudine
3015 3015 3134 3063 ar-

582 3096 977 3166 matorum,
1031 3103 1321 3171 seroque
1367 3082 1488 3152 illo
1558 3106 1638 3153 ac
1705 3096 1841 3153 tota
1910 3097 2108 3154 nocte
2176 3082 2526 3154 custodias
2583 3082 2914 3152 adhibent
2967 3081 3133 3152 dili-

581 3184 840 3263 genteS,
894 3194 979 3241 ne
1025 3170 1197 3241 forte
1244 3171 1329 3241 de
1377 3172 1673 3263 pretioso
1722 3172 2046 3242 thesauro
2092 3172 2213 3259 qui
2252 3172 2527 3262 jacebat
2574 3172 2645 3242 in
2699 3172 2948 3252 medio,
2986 3170 3131 3261 pati

579 3260 1006 3351 contingeret
1052 3260 1569 3331 detrimentum.
1624 3266 2102 3331 Commovetur
2149 3260 2260 3330 die
2308 3262 2623 3348 sequenti
2683 3261 2886 3330 Curia
2935 3273 3119 3330 tota:

580 3349 826 3419 Christi
874 3349 1186 3420 vicarius
1256 3371 1415 3419 cum
1490 3349 1973 3419 cardinalibus
2043 3349 2308 3419 accedit
2363 3349 2449 3419 ad
2514 3349 2794 3431 locum,
2851 3362 3126 3436 totaque

576 3438 816 3508 civitas
865 3460 1102 3508 versus
1153 3442 1219 3506 S.
1274 3438 1688 3507 Damianum
1751 3438 1989 3529 dirigit
2085 3460 2316 3509 ressus
2383 3460 2569 3509 suos.
2642 3443 2931 3507 Ventum
2979 3448 3128 3511 erat

579 3526 664 3596 ad
715 3525 1209 3597 celebrandum
1259 3526 1520 3608 divina,
1586 3548 1774 3608 cum,
1829 3527 2043 3596 Fratri
2099 3550 2182 3597 us
2247 3527 2385 3597 inci
2442 3527 2744 3596 ientibus
2814 3525 3125 3596 officium

579 3627 1037 3698 mortuorum,
1092 3628 1371 3705 repente
1416 3615 1747 3686 dominus
1794 3620 1977 3705 Papa
2024 3615 2329 3686 officium
2412 3638 2448 3685 e
2481 3615 2882 3706 Virginibus
2914 3668 2930 3696 ‚
2986 3635 3126 3685 non

573 3703 658 3774 de
707 3704 1043 3786 mortuiS,
1095 3703 1247 3774 fieri
1312 3704 1558 3776 debere
1608 3704 2084 3795 proloquitur:
2138 3717 2216 3774 ut
2265 3705 2459 3794 prius
2505 3725 2657 3773 eam
2709 3704 3121 3774 canonizare

576 3793 951 3875 videretur,
1004 3814 1217 3882 quam
1266 3814 1518 3884 corpus
1567 3793 1897 3863 traditum
1946 3806 2124 3862 esset
2170 3792 2589 3894 sepulturae.
2642 3792 3124 3883 Respondente

574 3896 805 3953 autem
855 3883 999 3953 viro
1045 3883 1594 3956 eminentissimo
1642 3882 1927 3953 domino
1975 3881 2296 3963 Ostiensi,
2353 3881 2694 3953 morosius
2736 3883 2805 3950 in
2839 3881 2950 3950 his
2983 3880 3128 3952 fore

576 3972 969 4062 agendum,
1024 3972 1229 4042 Missa
1277 3970 1362 4041 de
1412 3971 1703 4041 mortuis
1757 3970 2166 4041 celebratur.
2221 3970 2627 4042 considente
2681 3969 3126 4061 postmodum

576 4082 852 4131 summo
918 4061 1286 4142 Pontifice‚
1356 4059 1828 4130 Cardinalium
1895 4081 2170 4148 quoque
2224 4073 2289 4129 et
2361 4059 2820 4150 praelatorum
2870 4072 3120 4140 coetu,

574 4149 905 4221 Ostiensis
944 4150 1368 4240 EpiscopuS,
1421 4148 1508 4218 de
1556 4149 1854 4218 vanitate
1902 4149 2283 4218 vanitatum
2334 4161 2614 4239 sumpta
2651 4147 2930 4219 dicendi
2981 4170 3127 4217 ma-

578 4238 766 4319 teria,
820 4240 1140 4309 vanitatis
1174 4239 1524 4329 egregiam
1555 4238 2119 4327 contemptricem
2165 4237 2382 4308 nobili
2416 4258 2734 4308 sermone
2766 4257 3124 4307 commen-

575 4324 714 4395 dat.
767 4326 1212 4396 Circumdant
1258 4327 1418 4396 ilico
1467 4338 1785 4397 sanctum
1834 4325 2050 4397 funus
2099 4325 2340 4396 devota
2386 4324 2786 4418 dignatione
2834 4325 3127 4416 presby-

578 4414 701 4484 teri
748 4427 814 4484 et
860 4416 996 4506 ipsi
1064 4415 1506 4498 Cardinale5‚
1582 4426 1648 4487 et.
1712 4416 1899 4486 circa
1968 4416 2260 4507 virginis
2328 4436 2581 4508 corpus
2642 4413 3127 4486 solitaofficia
