3308 5004
661 287 806 354 aot·
1264 299 1350 356 ar.
1395 301 1838 354 mamam
1876 302 2029 356 m.
2079 300 2465 356 murm.
2795 284 2984 354 Auo.
3035 286 3133 354 80

571 384 910 455 radiabat.
936 389 1153 454 'l'anta
1172 395 1319 454 erat
1344 382 1690 454 interioris
1718 383 1870 472 ejus
1900 382 2207 454 hominis
2241 382 2713 474 pulchritudo,
2736 395 2823 454 ut
2845 383 3183 453 miden-¹*

572 473 760 544 tibus
800 472 1224 560 quibusdam
1273 470 1554 542 indiciis
1599 469 1784 542 foras
1827 486 2253 564 erumperet,¹
2276 485 2345 543 et
2374 471 2462 541 de
2491 471 2781 543 cumulo
2813 473 3134 543 internae

570 563 894 722 puritatis
939 574 1005 632 et
1051 561 1353 651 gratiae,
1404 560 1683 652 copiose
1735 559 2058 651 perfusus
2107 561 2315 631 homo
2359 581 2638 650 quoque
2683 561 2976 632 exterior
3023 563 3134 631 vi-

620 660 874 722 eretur.
2186 715 2193 720 .

659 748 698 822 5
749 746 838 812 2.
892 743 1152 829 Corpus
1196 761 1403 810 omne
1454 738 1943 810 tenuissimum
1991 752 2059 809 et
2117 738 2268 811 sine
2320 738 2653 810 carnibus
2717 751 2903 810 erat:
2971 739 3132 830 ipsa

570 847 846 918 quoque
892 827 1350 900 subtilissima
1396 828 1576 900 cutis
1625 828 1696 897 in
1732 827 1930 919 genis
1966 827 2232 900 modice
2271 828 2553 898 rubenS.
2591 827 2720 899 Illo
2753 827 3123 908 nimirum,

569 917 902 1008 quicquid
950 916 1203 990 caloris
1249 918 1473 988 inerat
1522 917 1858 988 naturalis
1888 970 1905 997 ,
1957 916 2243 990 assidua
2293 915 2649 989 meditatio
2695 930 2761 988 et
2806 917 3129 988 studium

571 1006 1128 1098 compunctionis
1174 1019 1567 1078 attraxerat.
1621 1005 1969 1077 Caesaries
2016 1029 2096 1077 ex
2144 1007 2320 1077 flavo
2366 1005 2805 1077 colorabatur
2849 1019 2917 1078 et
2953 1030 3131 1077 can-

571 1094 771 1167 dido:
824 1096 1041 1167 barba
1087 1095 1399 1177 subrufa,
1451 1095 1636 1167 circa
1684 1094 1894 1166 finem
1946 1094 2121 1167 vitae
2159 1094 2314 1184 ejus
2353 1118 2667 1186 respersa
2713 1095 2929 1168 canis.
2978 1101 3133 1167 Sta-

574 1198 731 1255 tura
763 1185 1256 1255 mediocritatis
1290 1185 1637 1264 honestae,
1675 1184 2100 1274 longitudini
2135 1197 2362 1255 tamen
2399 1185 2690 1256 vicinior
2717 1185 3121 1276 apparebat.

572 1273 756 1344 Alias
799 1285 1032 1343 autem
1082 1273 1450 1345 thesaurus
1497 1274 1624 1343 iste
1672 1274 1740 1342 in
1779 1295 1937 1343 vase
1970 1273 2165 1344 fictili
2196 1285 2363 1354 erat,
2410 1274 2704 1344 contrito
2744 1274 3019 1365 penitus
3059 1286 3132 1342 et

571 1375 1053 1451 conquassato.
1100 1363 1479 1433 Laborabat
1518 1362 1862 1450 siquidem
1902 1383 2064 1432 caro
2094 1363 2247 1464 ejus
2290 1363 2801 1454 multiplicibus
2830 1362 3059 1432 infirm
3075 1363 3133 1430 i-

575 1462 792 1522 tatum
844 1451 1327 1533 incommodiS,
1380 1464 1459 1522 ut
1506 1452 1576 1520 in
1626 1451 1727 1521 eis
1778 1451 1993 1521 virtus
2041 1451 2259 1521 animi
2304 1452 2773 1542 perficeretur.
2811 1456 3128 1535 Quarum

577 1539 1028 1630 periculosior
1072 1539 1354 1628 quidem
1389 1540 1458 1609 in
1498 1554 1727 1610 meatu
1767 1539 2140 1610 arctissimi
2172 1541 2500 1631 gutturiS,
2550 1539 2645 1611 nil
2681 1541 2955 1631 penitus
2987 1539 3132 1611 sic-

572 1651 777 1710 cum,
835 1630 942 1698 vix
989 1628 1289 1702 solidum
1341 1628 1606 1717 aliquid
1654 1628 2128 1700 admittentis:
2185 1628 2537 1700 molestior
2581 1642 2727 1700 erat
2787 1629 3133 1701 stomachi

575 1717 922 1801 defectuS,
977 1718 1316 1789 viscerum
1364 1719 1741 1808 corruptio.
1794 1722 1934 1788 Hae
1982 1717 2352 1789 continuae
2415 1718 2557 1800 illi,
2673 1730 2891 1789 raeter
2951 1716 3132 1789 alias

577 1807 860 1897 saepius
893 1806 1297 1877 incidentes.
1338 1811 1705 1877 Summum
1738 1807 1894 1896 eJus
1926 1806 2264 1889 studium,
2302 1807 2537 1898 sugere
2563 1830 2602 1876 a
2658 1807 3126 1888 mirationem,

574 1909 642 1965 et
688 1910 1015 1997 tanquam
1067 1917 1284 1966 unum
1333 1917 1482 1966 sese
1524 1918 1733 1998 agere
1776 1911 2228 1967 caeterorum.
2281 1901 2360 1966 At
2486 1887 2940 1984 rsequebatur
2979 1894 3133 1986 glo-

576 1984 681 2053 ria
703 1984 1107 2073 fugientem,
1144 1984 1348 2064 sicut,
1384 2007 1422 2054 e
1452 2006 1731 2076 regione
1767 1998 2121 2076 captantes
2158 2007 2308 2056 sese
2419 1985 2520 2056 ios
2558 1984 2797 2075 sugere
2824 2006 3128 2055 consue-

576 2073 694 2142 vit.
733 2072 1175 2144 Proverbium
1217 2072 1391 2144 illud
1429 2075 1497 2143 in
1530 2095 1649 2144 ore
1679 2074 1741 2143 ei
1776 2073 2191 2162 frequenter,
2235 2095 2511 2165 semper
2549 2074 2620 2143 in
2651 2074 2884 2143 corde:
2919 2095 2957 2139 a
2991 2073 3130 2156 Qui

577 2161 708 2231 hoc
756 2161 917 2232 facit
961 2161 1148 2250 quod
1198 2183 1423 2244 nemo,
1478 2163 1824 2234 mirantur
1866 2185 2134 2233 omnes.
2190 2186 2229 2230 »
2277 2169 2426 2247 Quo
2475 2163 2808 2233 nimirum
2867 2163 3129 2232 intuitu

578 2251 783 2320 vitam
833 2250 1285 2340 regulamque
1330 2273 1774 2324 communem
1823 2251 2126 2341 amplius
2175 2251 2681 2334 aemulabatur,
2729 2251 2827 2320 nil
2863 2251 2933 2321 in
2977 2251 3128 2322 suis

576 2340 848 2410 actibus
896 2340 1285 2431 praeferens
1330 2341 1803 2412 observantiae
1851 2341 2251 2434 singularis.
2289 2340 2388 2412 Ob
2430 2341 2559 2411 hoc
2596 2339 2894 2427 denique
2931 2350 2998 2409 ct
3028 2340 3132 2408 ci-

577 2427 845 2511 licium,
894 2429 1079 2519 quod
1130 2429 1452 2522 pluribus
1498 2431 1706 2500 annis
1733 2430 2002 2502 occulte
2033 2441 2436 2523 gestaverat,
2475 2428 2817 2521 deponere
2851 2427 3125 2506 maluit,

573 2540 784 2606 quam
833 2532 910 2590 ut
954 2519 1130 2590 ferre
1165 2520 1500 2593 sciretur:
1536 2520 1826 2590 minime
1867 2520 2067 2590 illum
2103 2520 2312 2593 latere
2344 2519 2516 2592 velle
2546 2532 2967 2601 contestanS,
2998 2518 3130 2606 qui

572 2629 734 2679 oum
780 2608 1069 2680 caeteris
1112 2608 1424 2699 ejusdem
1462 2608 1909 2699 professionis
1939 2609 2076 2679 sihi
2112 2609 2513 2681 communia
2553 2630 2690 2680 non
2729 2619 3035 2679 sectatur
3061 2607 3123 2677 ⁸.

575 2700 656 2767 ln
694 2696 870 2787 ipsis
908 2711 1133 2769 tamen
1165 2698 1662 2775 communibus
1694 2710 1839 2768 erat
1873 2698 1976 2767 illi
2016 2698 2395 2789 singularis
2431 2697 2722 2789 puritaS,
2763 2709 2830 2768 et
2858 2697 3133 2768 devotio

574 2806 716 2856 non
760 2786 1180 2858 communis.
1232 2784 1808 2878 Nihil‘negligens
1839 2799 1905 2857 et
1937 2786 2228 2857 minima
2257 2808 2574 2875 quaeque
2601 2809 2765 2858 cum
2795 2785 3030 2859 studio
3061 2800 3131 2857 et

573 2874 951 2946 intentione
1003 2877 1355 2957 tractabat,
1406 2897 1492 2946 ex
1539 2876 1819 2966 propria
1848 2875 2192 2963 siquidem
2225 2875 2645 2966 experientia
2677 2875 2980 2946 diffinire
3010 2897 3129 2946 so·

573 2960 742 3034 litus
771 2963 1179 3054 sapientem,
1223 2965 1341 3034 eui
1367 2986 1685 3052 quaeque
1718 2987 1827 3035 res
1859 2964 2144 3055 sapiunt
2176 2978 2382 3054 prout
2412 2976 2599 3035 sunt.

661 3054 699 3137 ἓ
742 3056 836 3125 8.
886 3057 939 3123 Α
986 3053 1232 3143 primis
1276 3053 1415 3123 fere
1459 3053 1667 3124 annis
1696 3053 1798 3125 sic
1829 3053 2047 3124 evasit
2093 3051 2457 3125 illecebras
2503 3052 2734 3145 gulae,
2787 3064 2866 3124 ut
2895 3053 3117 3143 ipsam

576 3161 856 3227 quoque
901 3163 978 3211 sa
1028 3162 1229 3213 orum
1281 3141 1767 3213 discretionem
1813 3164 1894 3213 ex
1940 3164 2196 3233 magna
2244 3155 2434 3233 parte
2484 3142 2886 3233 perdiderit.
2924 3145 3123 3225 Quo·

578 3227 705 3298 ties
753 3229 868 3319 pia
912 3230 970 3300 si
1026 3230 1047 3299 i
1097 3230 1640 3301 ministrantium
1692 3230 1939 3302 fraude
1981 3231 2360 3322 deceptus,
2415 3230 2717 3319 liquores
2777 3230 2951 3302 alios
3001 3252 3126 3321 pro

577 3315 738 3387 aliis
781 3339 937 3389 sum
993 3320 1128 3389 sit?
1173 3324 1344 3389 Nam
1389 3330 1456 3389 et
1499 3318 1731 3393 oleum
1766 3319 1901 3391 sibi
1953 3342 2072 3411 per
2116 3342 2419 3391 errorem
2468 3319 2846 3408 aliquando
2889 3320 3126 3409 propi-

579 3417 818 3479 natum
868 3406 935 3476 bi
992 3407 1067 3488 it,
1117 3420 1184 3479 et
1213 3407 1490 3508 penitus
1523 3407 1909 3509 ignoravit:
1964 3430 2090 3480 nec
2142 3409 2334 3501 prius
2382 3408 2451 3479 id
2489 3409 2870 3499 cognitum,
2904 3429 3119 3495 quam

577 3495 1074 3585 superveniens
1118 3495 1403 3583 quldam
1455 3494 1637 3567 lab1a
1700 3497 1854 3586 ejus
1912 3498 2280 3569 miraretur
2339 3498 2654 3571 inuncta.
2720 3496 2918 3571 Cibus
2964 3495 3125 3586 ejus

576 3582 893 3655 buccella
942 3583 1167 3674 panis,
1222 3584 1364 3656 ina
1418 3607 1507 3655 ua
1535 3584 1765 3656 calida
1808 3587 2082 3678 penitus
2112 3586 2425 3668 emolliti,
2463 3586 2717 3677 exigua
2745 3583 3127 3657 sorbitiun-

573 3670 733 3743 cula
780 3684 949 3744 erat.
1002 3673 1313 3744 Modicus
1359 3672 1474 3745 ile
1519 3675 1845 3762 quidem.
1898 3675 2017 3748 sod
2070 3698 2206 3746 non
2270 3675 2613 3747 modicam
2656 3686 2918 3766 partem
2967 3674 3128 3764 ejus

573 3760 863 3834 crudam
914 3761 1194 3852 rejicere
1248 3763 1650 3837 stomachus
1706 3764 1993 3843 solebat,
2038 3786 2295 3853 nequa
2336 3764 2439 3835 illi
2477 3764 2649 3837 foret
2698 3763 2771 3835 in
2810 3762 2969 3835 cibo
3007 3786 3127 3835 vo-

572 3849 1106 3953 lumasfflupm
1155 3852 1931 3954 sumere-periculum:
1985 3866 2345 3944 sumptum
2380 3866 2632 3935 tenere,
2683 3852 2925 3925 dolor:
2964 3853 3127 4012 redi-

571 3962 730 4011 oere
784 3962 1083 4017 miserta.
1139 3945 1252 4012 Sic
1313 3963 1642 4013 nimirum
1696 3942 1885 4013 fideli
1934 3963 2131 4017 servo
2165 3943 2364 4032 juxta
2409 3941 2835 4013 desiderium
2878 3963 3016 4013 cor
3067 3943 3127 4013 is

571 4029 686 4101 sui
713 4028 1140 4119 dispensatio
1185 4030 1423 4101 divina
1458 4029 1868 4120 providerat,
1921 4045 2001 4102 ut
2046 4052 2175 4102 nec
2201 4030 2470 4105 structus
2507 4030 2570 4101 ei
2604 4030 2867 4102 deesset
2906 4032 3126 4105 absti-

572 4118 843 4191 nentiae
873 4117 1280 4210 singularis,
1319 4131 1386 4190 et
1408 4118 1723 4192 odiosam
1750 4119 2281 4193 admirationem
2306 4118 2684 4193 declinaret
2704 4120 2835 4193 sub
2870 4120 3124 4193 umbra

624 4315 652 4341 ‘
670 4312 866 4364 Egregie
884 4316 1018 4356 notat
1035 4314 1114 4356 hio
1132 4317 1299 4357 surius
1317 4316 1368 4357 tn
1387 4328 1433 4358 m
1570 4327 1609 4357 e:
1629 4318 1650 4339 ⁸
1671 4315 1914 4368 rugiendo
1931 4318 2158 4360 monacho
2178 4318 2486 4368 cingamus·
2507 4347 2527 4368 .
2550 4316 2749 4360 maxime
2768 4328 2879 4360 vero
2900 4318 3130 4369 rugiend-

573 4368 630 4410 Β
650 4366 711 4410 ss·
737 4376 859 4416 quae
888 4368 946 4409 ad
960 4366 1156 4416 piot-tu
1174 4371 1222 4409 et
1240 4371 1485 4420 poenitent
1506 4380 1562 4412 ιο
1580 4370 1948 4414 ostentationem
1967 4373 2225 4423 pertinent.
2240 4380 2337 4421 qua
2358 4372 2592 4419 nonnum,
2611 4372 2874 4423 phari-ntea
2890 4371 3129 4424 superbit.
3220 4402 3227 4409 -

575 4419 914 4463 mennoniu-
933 4422 1120 4463 inm-nt
1140 4422 1403 4465 immeritae
1421 4425 1587 4466 mmm.
