3308 5004
672 288 805 361 ist
1233 311 1311 359 m:
1357 312 1415 360 s.
1465 307 1806 359 nummo
1846 310 1991 358 Ans.
2042 305 2426 357 casuum.
2802 288 2992 357 ΑΗΕ.
3050 292 3135 358 20

576 417 667 466 eo
706 406 959 466 oraret.
1000 400 1427 487 compassus
1463 410 1691 464 autem
1744 408 1932 464 tanto
1970 392 2216 474 dolori,
2269 406 2339 463 et
2396 391 2825 464 confortatus
2881 393 2951 462 in
3007 399 3137 464 Do-

583 485 797 566 mino,
840 497 906 556 et
949 484 1249 555 bonitate
1279 495 1348 555 et
1382 484 1684 572 potentia
1722 482 2208 571 virtutis-ejuS,
2247 486 2496 552 Sancto
2534 481 2667 551 sibi
2717 482 2977 572 Spiritu
3034 505 3139 554 re-

578 573 868 655 velante,
921 593 1052 644 cur
1089 573 1216 644 hoc
1248 573 1380 643 sibi
1421 572 1812 653 accidisset,
1850 594 2011 642 cum
2054 571 2247 641 omni
2293 568 2550 640 fiducia
2601 570 2664 639 ei
2719 572 3132 662 respondit:

576 682 616 728 ι
643 663 845 732 Scitis
874 674 1132 749 quanta
1168 661 1353 732 mala
1379 661 1612 731 fecerit
1638 662 1844 731 homo
1878 661 2025 742 iste,
2060 673 2127 730 et
2156 673 2415 747 quanta
2445 659 3140 732 abstulerit.-Rcddat

575 751 831 832 ablata,
869 763 935 821 et
960 750 1501 821 consuetudines
1574 772 1770 821 ravas
1798 772 2011 840 super
2041 770 2378 839 pauperes
2411 761 2803 838 usurpatas,
2835 750 3141 841 abneget

583 851 719 909 tam
755 841 927 931 ipse,
955 862 1165 927 quam
1195 839 1385 911 filius
1408 852 1475 909 et
1537 839 1776 910 amilia
1802 862 1953 918 sua,
1988 851 2056 908 et
2085 837 2472 908 Christiano
2506 858 2695 908 more
2723 839 3136 909 morietur.»

573 928 1013 1020 Obstupuere
1071 949 1314 999 omnes
1359 928 1445 997 ad
1508 940 1734 998 tantae
1797 927 2092 998 fiduciae
2153 927 2735 1017 promissionem,
2801 949 2884 998 eo
2937 929 3134 1015 quod

576 1018 811 1107 ignota
867 1017 1100 1089 adhuc
1150 1017 1554 1088 hominibus
1607 1017 1831 1108 gratia
1889 1030 2034 1087 erat
2093 1015 2426 1085 divinitus
2463 1015 2712 1086 collata
2764 1017 2911 1085 viro
2975 1018 3127 1088 Dei.

570 1106 867 1176 Maxime
912 1128 1073 1176 vero
1112 1106 1366 1176 turbati
1412 1119 1478 1176 et
1518 1107 1734 1176 territi
1769 1119 1934 1177 sunt
1962 1105 2085 1193 qui
2119 1116 2441 1175 venerant
2485 1127 2648 1175 cum
2678 1126 2783 1186 eo,
2821 1105 3035 1175 frater
3063 1121 3134 1178 et

570 1194 986 1266 avunculus.
1037 1195 1214 1278 Quid
1268 1195 1518 1286 plura?
1564 1201 1843 1265 Factum
1876 1208 1980 1265 est
2018 1193 2200 1281 quod
2256 1193 2621 1284 praecepit,
2675 1207 2742 1264 et
2785 1195 3125 1266 continuo

578 1297 897 1354 secutum
945 1297 1047 1354 est
1090 1284 1296 1354 etiam
1331 1283 1513 1372 quod
1560 1284 1899 1375 promisit.
1938 1283 2251 1353 Solutum
2293 1294 2397 1353 est
2433 1282 2792 1353 vinculum
2843 1283 3129 1375 linguae

569 1372 724 1462 ejus
756 1426 773 1454 ,
825 1372 1187 1444 confessus
1239 1386 1343 1443 est
1386 1395 1547 1443 cum
1597 1374 1862 1464 gemitu
1908 1385 1975 1442 et
2023 1371 2350 1462 lacrymis
2389 1372 2692 1461 'peccata-
2728 1395 2855 1444 sua
2884 1426 2901 1453 ,
2954 1395 3123 1445 cum

573 1482 825 1551 magna
863 1460 1220 1532 devotione
1249 1460 1664 1533 deosculans
1714 1482 1965 1531 manus
1995 1461 2188 1549 ejus:
2239 1474 2306 1531 et
2333 1475 2614 1550 accepto
2645 1461 2889 1532 viatico
2927 1484 3122 1532 com-

578 1550 937 1620 munionis
969 1572 1229 1633 sacrae,
1283 1573 1527 1621 rursus
1562 1551 1859 1640 peractis
1894 1550 2224 1620 omnibus
2268 1571 2445 1637 quae
2474 1550 2694 1620 facere
2723 1572 2884 1621 eum
2916 1572 3124 1642 opor-

572 1639 776 1719 tebat,
813 1641 1124 1727 sequenti
1159 1654 1357 1709 nocte
1397 1640 1465 1709 in
1507 1659 1629 1730 spe
1664 1638 2178 1709 misericordiae
2220 1639 2333 1708 Dei
2364 1639 2720 1729 expiravit.

650 1729 691 1814 §
738 1732 889 1801 41.
942 1728 1426 1799 Revertebatur
1468 1730 1672 1798 etiam
1724 1727 2104 1817 aliquando
2138 1750 2180 1796 a
2240 1729 2493 1816 pratis,
2558 1740 2639 1800 et.
2667 1727 2942 1798 obviam
2996 1727 3122 1798 ha-

572 1815 724 1885 buit
772 1817 1160 1897 mulierem,
1214 1818 1577 1908 parvulum
1610 1817 1833 1887 filium
1884 1817 1955 1886 in
2008 1816 2312 1887 brachiis
2355 1814 2854 1906 deportantem,
2906 1839 3120 1902 quem

565 1903 654 1972 de
705 1904 907 1994 longe
961 1905 1281 1976 attulerat
1341 1906 1426 1975 ad
1482 1928 1683 1986 eum,
1736 1906 1825 1976 ab
1881 1920 2074 1976 utero
2123 1906 2362 1975 matris
2410 1905 2776 1975 habentem
2827 1927 3118 1974 manum

567 1992 858 2075 aridam,
912 2007 981 2064 et
1026 1994 1385 2065 brachium
1440 2007 1720 2065 tortum.
1776 2001 1994 2065 Motus
2057 2009 2286 2064 autem
2355 1993 2682 2084 lacrymis
2754 1995 2997 2064 matris
3043 2009 3113 2065 et

568 2082 913 2171 precibus,
962 2083 1174 2171 jussit
1222 2106 1513 2174 puerum
1564 2083 1861 2175 deponi:
1909 2083 2220 2171 factaque
2256 2082 2585 2163 oratione,
2640 2083 2974 2152 continuo
3021 2085 3118 2153 si-

565 2190 794 2259 gnans
843 2194 1161 2263 puerum,
1214 2185 1280 2243 et
1313 2172 1702 2253 brachium,
1758 2186 1827 2243 et
1872 2195 2159 2242 manum
2217 2171 2409 2259 ejuS,
2463 2171 2635 2241 dixit
2684 2170 2988 2252 mulieri,
3041 2186 3118 2243 ut

570 2273 837 2330 vocaret
882 2260 1104 2332 filium
1138 2284 1372 2332 suum.
1408 2263 1683 2332 vocavit
1731 2261 1849 2331 illa
1880 2261 2236 2341 infantem,
2273 2273 2341 2331 et
2366 2260 2690 2341 occurrit,
2725 2273 2791 2330 et
2818 2272 3116 2349 utroque

569 2348 851 2420 brachio
898 2350 1330 2441 amplexatus
1364 2365 1649 2421 matrem
1699 2374 1928 2432 suam,
1980 2372 2194 2420 sanus
2240 2348 2464 2419 factus
2509 2364 2738 2420 est-ex
2782 2371 2863 2418 ea
2910 2349 3109 2420 hora.

565 2441 771 2509 Erant
806 2450 1038 2511 autem
1084 2439 1291 2510 hu’us
1325 2441 1500 2513 beati
1552 2439 1795 2512 fratres
1819 2452 1886 2510 et
1935 2439 2058 2509 lilii
2101 2437 2495 2530 spirituales
2540 2438 2869 2509 mirantes
2903 2460 3118 2531 super

566 2527 696 2609 his,
747 2550 929 2616 quae
953 2529 1159 2599 audie
1210 2540 1414 2599 antet
1447 2529 1771 2601 videbant
1793 2528 1879 2599 de
1905 2551 2011 2599 eo.
2048 2534 2178 2599 Nec
2211 2541 2437 2599 tamen
2475 2550 2661 2598 more
2688 2528 3112 2610 carnalium,

566 2616 633 2684 in
684 2616 975 2706 gloriam
1049 2618 1497 2691 elevabantur
1565 2619 1986 2689 humanam:
2050 2616 2164 2687 sed
2235 2616 2532 2717 juvenili
2597 2618 2748 2708 ejus
2793 2619 3003 2688 aetati
3047 2633 3119 2689 et

563 2726 774 2775 novae
819 2707 1052 2777 adhuc
1095 2709 1625 2788 conversationi,
1679 2705 2023 2799 spirituali
2071 2705 2513 2776 solicitudine
2562 2706 2987 2776 metuebant.
3027 2712 3110 2777 In

559 2815 697 2881 quo
745 2795 1078 2865 nimirum
1127 2796 1272 2867 zelo
1305 2796 1672 2867 Galdricus
1723 2794 2112 2866 avunculus
2170 2794 2322 2882 ejus
2378 2807 2444 2864 et
2491 2795 2715 2866 Guido
2762 2794 3114 2885 primoge-

562 2883 753 2953 nitus
792 2885 1109 2965 fratrum,
1146 2898 1449 2955 caeteros
1495 2885 1874 2965 anteibant,
1912 2895 1990 2954 ut
2021 2883 2208 2973 ipsos
2283 2883 2552 2953 eminos
2598 2898 2947 2970 tamquam
2981 2884 3113 2952 sti-

565 2970 790 3041 mulos
835 2973 1069 3042 carnis
1116 2994 1305 3053 suae,
1362 2995 1445 3043 ne
1484 2974 1867 3065 gratiarum
1918 2906 2323 3061 magnitudo
2359 2992 2520 3067 eum
2569 2972 2936 3051 extolleret,
2986 2993 3111 3042 ac-

559 3059 823 3158 cepisse
860 3061 1196 3133 divinitus
1243 3062 1608 3133 videretur.
1653 3066 1883 3149 Neque
1927 3062 2110 3130 enim
2156 3060 2551 3164 parcebant,
2602 3061 2832 3131 verbis
2871 3060 3114 3132 durio·

563 3146 755 3220 ribus
783 3150 1206 3242 exagitantes
1255 3164 1560 3222 teneram
1593 3150 2081 3221 verecundiam
2119 3172 2296 3239 eJus,
2337 3148 2848 3220 calumniantes
2898 3151 3111 3220 etiam

563 3235 735 3306 bene
766 3250 980 3328 gesta,
1040 3239 1239 3330 signa
1285 3240 1520 3310 omnia
1557 3240 2061 3320 annihilantes,
2115 3251 2182 3309 et
2227 3238 2580 3309 hominem
2630 3240 3112 3311 mansuetissi-

565 3346 755 3395 mum
816 3326 1129 3414 nihilque
1180 3329 1813 3410 contradicentem,
1865 3328 2256 3417 frequenter
2328 3348 2548 3415 usque
2612 3329 2700 3398 ad
2762 3328 3113 3418 lacrymas

562 3414 1000 3504 improperiis
1031 3429 1097 3486 et
1139 3417 1531 3507 opprobriis
1577 3416 1980 3507 affligentes

645 3510 684 3584 ἓ
734 3508 885 3577 45.
937 3510 1224 3575 Narrare
1270 3504 1442 3576 solet
1491 3506 1906 3577 venerabilis
1953 3505 2334 3596 Episcopus
2387 3504 2842 3594 Lingonensis
2885 3505 3109 3575 Gode·

555 3590 803 3675 fridus,
855 3594 1075 3664 sancti
1117 3593 1243 3663 viri
1287 3606 1356 3665 et
1387 3595 1824 3686 propinquus
1873 3594 2237 3685 sanguine,
2275 3592 2445 3664 etin
2491 3595 2941 3666 conversione
2991 3616 3108 3664 so-

552 3680 729 3760 cius,
772 3694 840 3752 et
899 3696 1148 3753 extunc
1200 3704 1322 3775 per
1367 3686 1602 3755 omnia
1648 3683 2057 3755 individuus
2094 3704 2325 3753 comes
2356 3736 2373 3762 ,
2426 3682 2654 3772 primo
2715 3683 3056 3754 miraculo
3085 3738 3103 3765 ,

603 3770 738 3840 uod
781 3793 904 3862 per
936 3794 1187 3845 manus
1243 3774 1397 3864 ejus
1438 3773 1583 3843 fieri
1632 3773 1826 3854 vidit,
1880 3771 2310 3862 praedictum
2346 3791 2756 3862 germanum
2810 3771 2966 3861 ejus
3010 3772 3115 3843 af-

583 3861 768 3931 uisse
815 3860 1226 3932 Guidonem.
1272 3867 1431 3932 Erat
1473 3862 1662 3932 enim
1692 3862 1793 3932 eis
1834 3861 2170 3931 transitus
2213 3882 2336 3951 per
2372 3873 2678 3932 castrum
2711 3862 3048 3932 Nantonis
3074 3863 3110 3898 ⁴

556 3947 628 4021 in
679 3950 1019 4021 territorio
1067 3956 1443 4034 Senonum,
1495 3962 1561 4021 et
1597 3951 1878 4053 juvenis
1930 3949 2243 4038 quidam,
2307 3949 2513 4039 cujus
2562 3949 2806 4041 pedem
2867 3950 3113 4023 fistula

555 4058 727 4109 occu
778 4053 1032 4124 averat,
1076 4039 1409 4131 praedicti
1442 4053 1658 4131 patris
1707 4053 1961 4111 tactum
1996 4052 2063 4109 et
2098 4037 2646 4110 benedictionem
2680 4061 2839 4110 cum
2886 4040 3113 4112 multa

554 4061 1062 4219 suppiicatione
1110 4131 1403 4231 petebat.
1443 4130 1770 4232 Signatus
1815 4141 2071 4210 autem,
2124 4127 2355 4198 statim
2388 4127 2784 4199 convaluit:
2835 4139 2905 4198 et
2957 4142 3115 4220 post

559 4217 1017 4304 paucissimos
1063 4218 1212 4291 dies
1260 4241 1550 4310 regressi
1604 4240 1723 4310 per
1749 4217 2072 4289 eumdem
2112 4217 2385 4297 ·locum,
2439 4238 2691 4287 sanum
2745 4228 2955 4304 atque
3004 4220 3116 4289 in-

558 4303 901 4377 columem
951 4308 1387 4379 invenerunt.
1423 4313 1781 4379 Caeterum
1828 4329 2034 4399 saepe
2080 4306 2307 4377 dictus
2343 4305 2524 4378 beati
2564 4306 2693 4377 viri
2738 4304 2973 4390 frater,
3031 4328 3118 4378 ne

610 4429 637 4457 ⁸
664 4430 1056 4473 cutm-Lamiam
1074 4435 1123 4475 tn
1144 4431 1301 4477 insul·
1316 4433 1554 4482 trunci-e.
1572 4436 1672 4479 rere
1691 4439 1744 4478 20
1762 4434 1941 4478 Pax-isio
1961 4434 2124 4476 leucis.
