3308 5004
48 377 246 444 AUG.
299 376 383 441 24
694 333 816 441 ‘mi
858 391 921 442 3.
973 392 1270 443 ΑυυοεΝο
1314 391 1514 442 nrlsc.
1568 392 1931 442 aornone.
2387 378 2513 444 595

146 482 185 568 ξ
234 483 398 552 ²8.
451 477 597 548 Alio
641 477 846 548 etiam
898 490 1250 570 tempore,
1302 500 1465 549 cum
1518 500 1684 549 suas
1740 478 2091 569 paroecias
2148 479 2433 550 verbum
2491 481 2608 550 Dei

49 566 472 652 seminando
504 566 924 649 circumiret,
964 568 1147 638 venit
1181 568 1251 638 in
1287 588 1545 659 pagum
1579 566 2098 638 Constantinum
2125 568 2181 637 ’ἦ
2219 569 2348 639 Ubi
2377 580 2609 640 autem

50 657 143 728 ad
198 656 693 727 monasterium
736 655 916 726 beati
955 655 1343 747 Marculphi
1373 658 1685 739 accessit,
1720 678 1795 727 ro
1845 667 2001 726 atus
2033 670 2134 727 est
2165 679 2207 730 a
2239 658 2601 740 Bernoino,

47 748 210 838 ejus
258 745 658 816 monasterii
706 745 983 828 Abbate,
1036 755 1116 816 ut
1160 766 1415 836 corpus
1466 749 1531 814 S.
1585 750 1819 816 Marcu
1852 746 1972 837 phi
2013 744 2080 815 in
2117 746 2333 816 alium
2370 746 2604 817 locum

52 834 480 906 transferret.
534 833 699 925 Ejus
745 834 1070 925 precibus
1117 834 1222 904 vir
1271 835 1386 906 Dei
1434 834 1889 917 satisfacienS,
1935 835 2287 907 transtulit
2323 857 2602 906 sacrum

51 945 310 1030 corpus
359 925 428 993 in
478 922 791 993 absidem
841 945 1002 993 cum
1053 923 1337 1014 hymnis
1383 936 1449 994 et
1495 944 1803 1026 congruo
1850 923 2132 994 honore.
2176 929 2414 995 Postea
2445 945 2599 994 vero

52 1013 251 1116 pettit
299 1013 388 1083 ab
433 1011 671 1082 eodem
724 1011 1002 1094 Abbate,
1055 1022 1131 1082 ut
1178 1012 1600 1104 permitteret
1648 1012 1784 1103 ipsi
1816 1034 2088 1083 sumere
2119 1012 2481 1105 quippiam
2517 1013 2603 1083 de

52 1103 173 1173 1110
220 1123 534 1192 corpore.
586 1099 841 1170 Abbate
887 1101 1187 1192 benigne
1234 1101 1673 1182 assentiente,
1714 1102 1957 1173 beatus
1995 1100 2364 1172 Audoenus
2392 1115 2605 1191 caput

52 1192 279 1263 sancti
329 1189 584 1266 Marcu}
641 1189 716 1258 hi
764 1212 891 1281 pro
937 1188 1250 1278 reliquiis
1299 1212 1534 1261 secum
1585 1192 1984 1282 absportare
2041 1190 2404 1264 statuebat.
2474 1189 2606 1260 Sed

50 1303 129 1352 eo
176 1279 414 1353 isthuc
462 1300 571 1349 me
626 1279 858 1360 itante,
914 1278 1381 1380 abimproviso
1419 1291 1688 1369 reperta
1720 1291 1820 1350 est
1851 1280 1920 1349 in
1954 1279 2110 1369 ejus
2143 1280 2374 1371 palma
2410 1278 2611 1349 char·

51 1369 198 1441 tula
244 1368 539 1439 coelitus
587 1367 824 1449 missa,
878 1389 1055 1455 quae
1102 1367 1302 1439 illurn
1353 1367 1737 1451 admonuit,
1793 1390 1878 1438 ne
1920 1381 2135 1527 caput
2172 1369 2393 1439 sancti
2428 1373 2606 1438 Mar-

50 1458 299 1549 culphi
347 1479 388 1527 a
435 1477 719 1548 corpore
767 1477 1088 1548 separare
1134 1479 1350 1529 ausus
1397 1470 1616 1528 esset:
1672 1458 1791 1528 sed
1822 1457 1979 1529 aliis
2036 1458 2181 1530 ocis
2213 1479 2294 1527 ex
2324 1479 2442 1528 cor
2493 1479 2610 1527 ore

49 1550 205 1639 eJus
253 1546 589 1634 reliquias
637 1566 762 1637 pro
808 1558 963 1616 voto
1007 1546 1372 1636 acciperet.
1424 1550 1476 1617 Ο
1525 1546 1752 1617 virum
1805 1552 1938 1617 Deo
1984 1546 2382 1634 usqueadeo
2482 1546 2605 1615 ile-

50 1651 269 1719 ctum,
327 1648 414 1736 ut·
448 1634 678 1705 adhuc
729 1633 797 1703 in
848 1634 1048 1705 terris
1094 1635 1394 1726 degenti,
1446 1657 1484 1705 e
1529 1635 1741 1706 coelis
1772 1635 2133 1728 epistolam
2170 1635 2469 1708 scribere
2502 1635 2611 1703 di-

103 1737 312 1796 natus
359 1736 470 1794 sit.

52 1750 96 1817 g
140 1817 177 1903 ξ
210 1818 366 1886 24.
399 1811 587 1882 Conti
640 1809 692 1883 it
717 1832 874 1881 vero
905 1812 973 1881 in
1009 1812 1247 1883 eodem
1287 1833 1485 1904 pago,
1513 1824 1588 1882 ut
1616 1813 1988 1901 quemdam
2018 1812 2161 1883 illic
2189 1811 2612 1905 lapidemin-

53 1903 238 1995 signi
266 1901 491 1971 forma
524 1901 589 1968 vi
640 1912 815 1971 eret:
846 1923 1148 1990 cumque
1180 1902 1574 1973 accuratius
1597 1923 1758 1972 eum
1782 1901 2297 1983 essetintuituS,
2330 1902 2424 1971 ait
2448 1922 2609 1971 eum

53 2004 298 2082 aptum
349 2002 416 2060 et
460 2001 926 2080 opportunum
976 2012 1128 2061 esse
1174 2011 1411 2060 eorum
1464 1990 1736 2073 usibus,
1789 1991 1906 2079 qui
1955 1990 2312 2079 equitandi
2364 2011 2607 2061 curam

53 2091 340 2171 gerant:
393 2089 597 2166 atque
641 2099 721 2149 ea
768 2080 980 2149 causa
1027 2079 1285 2170 optavit
1329 2100 1487 2149 eum
1538 2101 1690 2150 esse
1753 2080 1824 2148 in
1886 2079 2347 2151 Brisniacensi
2415 2078 2600 2148 villa.

55 2175 368 2254 Cumque
412 2188 492 2238 eo
540 2167 703 2237 inde
749 2166 1130 2251 recedente,
1173 2167 1456 2256 quidam
1495 2169 1701 2238 homo
1733 2167 2090 2250 seculariS,
2125 2169 2361 2238 animo
2394 2168 2609 2238 tumi-

54 2257 215 2338 duS,
271 2255 340 2325 id
387 2256 716 2339 audisset,
768 2257 1099 2328 continuo
1148 2257 1361 2327 misso
1404 2257 1742 2358 plaustro,
1798 2255 2101 2414 lapidem
2155 2256 2330 2326 illud
2387 2255 2470 2325 ad
2537 2277 2611 2326 se

56 2345 312 2415 adduci
348 2345 584 2436 jussit.
637 2346 933 2416 Veniunt
977 2346 1130 2436 ejus
1176 2345 1419 2416 famuli
1455 2402 1471 2427 ,
1523 2367 1765 2415 saxum
1899 2357 2133 2416 austro
2191 2346 2603 2436 imponunt,

55 2445 220 2505 eunt
267 2456 592 2528 prospere
637 2446 704 2505 et
749 2434 1061 2525 expedite
1105 2456 1328 2524 usque
1358 2434 1443 2506 ad
1486 2435 1753 2506 bivium
1781 2433 1829 2502 il
1865 2433 1984 2517 ud,
2024 2433 2231 2524 cujus
2263 2454 2404 2502 una
2443 2454 2609 2523 pars

55 2524 348 2594 ducebat
393 2524 463 2594 in
517 2522 751 2595 villam
800 2524 1372 2606 Brisniacensem,
1408 2524 1623 2595 altera
1662 2523 1747 2593 ad
1793 2522 2027 2592 villam
2065 2522 2371 2593 hominis
2412 2544 2611 2592 secu-

55 2613 242 2695 laris,
294 2613 418 2701 qui
466 2611 638 2682 illud
689 2634 929 2683 saxum
981 2613 1113 2683 sibi
1165 2614 1527 2683 vendicare
1576 2612 1811 2682 voluit.
1867 2612 1995 2682 Ubi
2031 2633 2109 2681 eo
2144 2625 2422 2682 ventum
2469 2622 2598 2694 est,

56 2724 138 2771 ne
187 2723 472 2793 passum
523 2699 805 2789 quidem
853 2723 1074 2772 unum
1127 2703 1332 2773 boves
1380 2723 1453 2771 se
1510 2722 1783 2770 movere
1840 2711 2237 2791 potuerunt.
2291 2701 2607 2791 Jungunt

56 2790 153 2859 illi
191 2789 411 2861 multa
445 2789 699 2860 bovum
734 2791 950 2881 paria,
987 2790 1105 2861 sed
1137 2813 1298 2862 cum
1335 2789 1509 2859 nihil
1553 2789 1986 2880 proficerent,
2031 2788 2312 2859 tandem
2354 2788 2606 2859 amotis

52 2879 275 2950 bobus
306 2934 321 2957 ‚
376 2877 462 2947 ad
512 2878 876 2950 dominum
926 2901 1134 2950 suum
1184 2901 1381 2950 casso
1429 2877 1663 2949 labore
1713 2890 2172 2949 revertuntur.
2235 2883 2607 2966 Postquam

57 2990 206 3039 vero
256 2967 327 3037 id
379 2978 617 3038 sancto
661 2968 986 3039 Audoeno
1021 2968 1506 3040 renunciatum
1537 2979 1663 3050 est,
1703 2979 1898 3037 vocat
1926 2966 2344 3037 Anstardum
2381 2967 2608 3037 famu-

57 3055 195 3126 lum
246 3077 485 3133 suum,
537 3056 609 3124 in
660 3057 900 3126 eadem
949 3057 1156 3128 domo
1205 3056 1635 3137 servientem,
1681 3055 2042 3148 jubetque,
2097 3068 2174 3126 ut
2223 3078 2465 3126 saxum
2518 3054 2606 3125 ad

58 3145 285 3216 villam
336 3144 659 3215 adducat.
714 3145 840 3215 Illo
888 3146 1157 3216 dicente
1211 3166 1282 3217 se
1330 3166 1465 3215 non
1508 3145 1644 3214 nisi
1685 3145 1863 3216 duas
1893 3167 2135 3215 vaccas
2169 3145 2446 3226 habere,
2491 3164 2608 3213 eas

48 3232 339 3325 jungere
379 3233 598 3321 jubet.
654 3240 848 3304 Paret
896 3234 1012 3305 ille
1048 3234 1271 3325 jussis
1320 3235 1444 3304 viri
1486 3234 1641 3315 Dei,
1702 3233 2124 3322 veniensque
2179 3234 2263 3304 ad
2330 3254 2598 3314 saxum,

54 3322 173 3391 ubi
218 3322 394 3393 illud
449 3321 757 3413 plaustro
801 3322 1160 3414 imposuit,
1217 3334 1407 3395 tanta
1454 3322 1781 3394 facilitate
1839 3324 2148 3413 pervenit
2195 3322 2282 3392 ad
2333 3322 2595 3401 villam,

56 3411 192 3480 acsi
240 3411 517 3482 nullum
564 3410 667 3481 illi
722 3412 1029 3502 plaustro
1074 3435 1254 3483 onus
1301 3412 1708 3503 impositum
1755 3424 1956 3482 esset.
2011 3416 2177 3482 Cum
2219 3424 2450 3483 autem
2487 3433 2600 3480 sa-

58 3519 213 3570 xum
261 3501 672 3571 collocatum
724 3512 902 3572 esset
947 3501 1020 3570 in
1068 3523 1229 3571 eum
1277 3523 1510 3583 usum,
1566 3523 1772 3589 quem
1817 3501 1919 3570 vir
1953 3502 2223 3572 Domini
2265 3501 2461 3591 prius
2493 3498 2602 3568 di-

60 3602 259 3670 xerat,
314 3589 674 3677 aliquanto
723 3602 875 3680 post
923 3601 1229 3681 tempore
1280 3589 1693 3661 muliercula
1739 3590 2080 3678 quaedam
2129 3612 2212 3660 ex
2244 3590 2461 3660 animi
2502 3587 2601 3657 le-

64 3674 255 3773 vitate
300 3678 370 3748 in
421 3678 542 3749 illo
591 3677 829 3749 sedere
878 3700 1048 3750 ausa
1095 3678 1248 3750 fuit.
1300 3679 1774 3771 Objurgabant
1836 3691 2065 3750 autem
2124 3701 2276 3749 eam
2333 3678 2602 3748 vicinae

63 3780 601 3850 circumstanteS,
637 3766 817 3856 quod
857 3789 991 3837 non
1026 3779 1203 3839 esset
1237 3769 1448 3840 verita
1478 3767 1780 3838 insidere
1814 3789 1975 3839 saxo
2011 3768 2232 3838 sancti
2261 3765 2593 3837 Audoeni.

66 3853 139 3946 ᾼῑ
179 3853 294 3924 illa
340 3856 738 3948 respondit:
791 3857 1157 3927 Audoenus
1206 3859 1414 3929 homo
1459 3856 1615 3938 fuit,
1670 3857 1852 3927 sicut
1897 3869 1963 3927 et
2008 3877 2158 3947 eg0.
2202 3856 2405 3926 Nulla
2445 3876 2600 3924 vero

70 3944 511 4037 intercedente
537 3948 758 4027 mora,
794 3945 967 4016 ultio
990 3946 1223 4017 divina
1250 3947 1451 4017 verba
1479 3946 1846 4105 superbiae
1874 3944 2256 4036 castigavit.
2297 3950 2600 4035 Repente

66 4046 243 4125 enim
288 4035 644 4107 oculorum
693 4036 844 4126 ejus
892 4036 1094 4106 orbes
1139 4058 1177 4104 e
1224 4037 1371 4106 suis
1422 4034 1567 4105 sedi
1621 4058 1705 4106 us
1752 4033 2015 4104 exclusi
2081 4045 2266 4104 sunt.
2335 4038 2412 4102 In
2479 4031 2600 4100 illo

65 4132 268 4217 emm·
292 4141 446 4195 saxo
496 4124 692 4195 nulla
740 4123 1041 4194 foemina
1080 4123 1316 4194 sedere
1343 4135 1815 4205 consueverat,
1856 4134 2089 4213 postea
2120 4144 2332 4210 quam
2364 4144 2401 4191 a
2439 4143 2601 4193 san-

70 4212 174 4270 cto
212 4226 371 4290 viro,
416 4213 557 4284 illic
598 4226 674 4284 ut
704 4224 1144 4294 statueretur,
1180 4213 1461 4304 jussum
1495 4212 1646 4284 fuit.

152 4292 188 4377 ἓ
222 4298 371 4369 25.
405 4301 588 4374 Illud
619 4303 821 4373 etiam
856 4325 985 4373 cur
1018 4302 1338 4372 reticeam
1369 4300 1898 4373 celeberrimum
1935 4299 2378 4384 miraculum,
2413 4296 2596 4386 quod
2703 4352 2706 4353 f

125 4508 148 4533 ⁸¹
168 4507 382 4558 Fortasse
403 4519 749 4560 chasteau-Dan.
