3308 5004
658 353 787 420 280
1466 369 1551 420 nt,
1591 369 1647 418 s.
1701 369 1908 420 cmm
1956 367 2211 420 vinem
2790 355 2977 422 Ano.
3032 357 3114 423 ts

559 452 948 523 daemoniis
997 451 1282 522 liberata
1329 451 1593 524 fuisset.
1651 453 2073 523 Fatebantur
2114 465 2354 522 autem.
2409 449 2480 521 in
2539 452 2651 522 sui
2706 453 3114 544 expulsione

560 540 970 623 daemonia,
1038 540 1225 629 quod
1292 541 1316 610 i
1369 563 1445 612 sa
1509 542 1855 612 orationes
1921 547 1988 612 S.
2057 539 2296 611 Clarae
2352 540 2844 625 incenderent,
2907 555 2975 613 et
3031 565 3115 614 ex

560 651 880 720 possesso
943 629 1228 700 vasculo
1342 630 1765 700 eturbarent.
1837 636 1980 700 Non
2053 632 2204 700 sine
2265 651 2479 700 causa
2545 631 2874 701 dominus
2929 637 3114 724 Papa

561 720 935 811 Gregorius
982 720 1054 788 in
1095 719 1309 809 hujus
1348 732 1627 790 sanctae
1658 719 2096 791 orationibus
2121 718 2328 788 fidem
2361 719 2656 790 habebat
2691 720 3106 804 mirabilem,

560 829 858 896 quarum
911 808 1229 878 virtutem
1282 819 1588 879 senserat
1633 807 2008 879 efficaeem.
2066 813 2278 899 Saepe
2322 808 2610 894 quidem
2658 829 2856 891 nova,
2891 823 2972 879 nt
2999 832 3116 882 as-

565 898 760 980 solet,
812 908 1209 988 emergente
1251 896 1705 977 difficultate,
1758 910 1824 967 et
1870 919 2034 968 cum
2080 911 2259 968 esset
2304 897 2642 967 Ostiensis
2685 901 2737 967 Ε
2791 899 3106 1001 iscopus,

561 999 628 1057 et
675 999 1037 1077 postquam
1075 985 1162 1055 ad
1197 985 1472 1055 eulmen
1506 986 1973 1076 apostolicum
2007 999 2190 1057 esset
2214 999 2512 1067 evectus,
2546 1008 2680 1076 sup
2800 1010 2842 1057 x
2885 988 3110 1058 eidem

563 1077 817 1164 virgini
853 1097 976 1165 per
1018 1073 1381 1164 epistolam
1432 1073 1678 1155 factus,
1736 1077 1952 1166 poscit
1996 1074 2436 1166 suffragium,
2488 1075 2696 1146 sentit
2740 1075 3107 1147 auxilium.

565 1170 698 1236 Bes
745 1177 929 1234 certe
974 1164 1158 1233 sicut
1205 1162 1593 1233 humilitate
1640 1165 2063 1254 conspicua,
2117 1165 2217 1234 sic
2266 1175 2408 1233 toto
2449 1163 2679 1234 studio
2730 1165 3105 1235 imitanda:

560 1253 846 1341 quando
892 1252 1140 1322 Christi
1190 1252 1499 1322 vicarius
1544 1275 1583 1322 a
1633 1254 1880 1323 Christi
1930 1253 2188 1322 ancilla
2234 1274 2435 1342 opem
2476 1252 2824 1344 efflagitat,
2862 1268 2928 1325 et
2958 1255 3110 1326 suis

564 1364 641 1412 se
684 1342 1059 1411 virtutibus
1109 1341 1647 1412 recommendat.
1710 1342 1976 1412 Sciebat
2023 1364 2213 1423 sane,
2266 1341 2440 1429 quid
2487 1355 2708 1432 potest
2750 1364 2946 1413 amor
2977 1397 2993 1424 ,
3044 1355 3111 1414 et

563 1453 775 1519 quam
828 1430 1003 1500 liber
1050 1429 1280 1498 aditus
1330 1431 1527 1520 puris
1564 1432 1955 1523 virginibus
1996 1430 2335 1522 patented
2369 1432 2856 1501 consistorium
2900 1433 3116 1520 maje-

565 1520 784 1589 statis,
839 1518 911 1587 Si-
954 1518 1139 1587 enim
1192 1523 1329 1587 Rex
1374 1519 1730 1590 coelorum·
1778 1521 2083 1611 seipsum
2135 1520 2472 1590 ferventer
2524 1522 2926 1591 amantibus
2991 1523 3112 1591 tri-

562 1609 739 1687 buit,
781 1606 948 1694 quid
983 1621 1107 1688 est,
1140 1607 1323 1695 quod
1360 1607 1600 1678 devote
1631 1610 2020 1689 orantibus,
2059 1609 2121 1678 si
2151 1609 2448 1698 expedit,
2487 1630 2621 1679 non
2665 1610 3114 1682 conceditur?

651 1699 687 1784 ξ
718 1700 869 1769 19.
908 1700 1223 1778 Quantus
1256 1697 1493 1767 beatae
1527 1698 1762 1768 Clarae
1799 1698 1886 1767 ad
1922 1697 2160 1768 altaris
2194 1703 2713 1768 Sacramentum
2749 1697 2954 1769 suerit
2991 1699 3112 1769 de-

561 1786 855 1856 votionis
880 1787 1189 1866 affectus,
1225 1784 1428 1876 plane
1453 1787 1778 1856 ostendit.
1816 1792 1892 1856 In
1921 1786 2042 1855 illa
2068 1787 2259 1885 gravi
2288 1787 2713 1868 infirmitate,
2748 1808 2925 1874 quae
2955 1810 3108 1859 eam

560 1875 847 1963 grabato
895 1873 1401 1965 adscripserat,
1455 1874 1752 1946 faciebat
1799 1897 1871 1945 se
1917 1877 2092 1977 erigi
2124 1931 2139 1955 ‚
2192 1888 2259 1946 et
2304 1875 2727 1946 fulcimentis
2773 1877 3113 1967 appositis

560 1963 978 2033 sustentari:
1029 1976 1098 2033 et
1143 1964 1432 2046 sedenS,
1484 1963 1725 2034 filabat
1771 1964 2301 2035 delicatissimos
2351 1986 2666 2054 pannos:
2719 1966 2805 2035 de
2850 1965 3111 2052 quibus

561 2052 747 2122 ultra
792 2052 1300 2144 quinquaginta
1351 2054 1543 2143 paria
1590 2053 2057 2144 corporalium
2106 2052 2368 2123 faciens
2397 2108 2412 2134 ,
2466 2067 2531 2123 et
2578 2075 2657 2124 ea
2706 2054 2947 2125 sericis
3003 2054 3107 2125 vel

563 2142 938 2231 purpureis
990 2141 1206 2211 thecis
1251 2141 1644 2222 includens,
1700 2164 1825 2233 per
1867 2143 2078 2231 plana
2123 2155 2190 2213 et
2240 2155 2565 2212 montana
2611 2144 2850 2213 Assisii
2897 2143 3110 2214 variis

563 2230 875 2301 ecclesiis
906 2230 1318 2301 destinabat.
1357 2235 1621 2321 Corpus
1650 2254 1809 2302 vero
1839 2232 2110 2302 Domini
2145 2245 2575 2321 susceptura.
2610 2232 2854 2302 calidis
2884 2232 3112 2322 primo

562 2319 893 2410 lacrymis
943 2319 1399 2409 irrigabatur:
1450 2333 1520 2390 et
1563 2321 1900 2392 accedens
1946 2342 2108 2391 cum
2150 2334 2465 2402 tremore,
2512 2342 2649 2390 non
2694 2323 2928 2390 minus
2968 2319 3110 2389 for-
3141 2351 3162 2360 -

565 2409 784 2479 midat
817 2409 884 2478 in
923 2411 1365 2479 Sacramento
1391 2408 1738 2489 latentem,
1777 2430 1985 2497 quam
2013 2409 2282 2478 coelum
2315 2422 2706 2498 terramque
2729 2422 3104 2500 regentem.

652 2501 691 2587 ξ
744 2502 913 2571 8⁰.
968 2498 1160 2569 Sicut
1201 2499 1386 2568 enim
1439 2498 1513 2568 in
1559 2498 1985 2579 infirmitate,
2038 2498 2285 2569 Christi
2336 2500 2445 2569 sui
2496 2520 2763 2570 memor
2792 2514 2959 2579 erat,
3007 2499 3108 2570 sic

561 2601 630 2659 et
674 2588 984 2658 Christus
1030 2609 1179 2658 eam
1231 2589 1301 2657 in
1353 2588 1500 2657 suis
1549 2587 2006 2680 languoribus
2053 2588 2394 2658 visitabat.
2449 2593 2524 2657 In
2577 2588 2695 2658 illa
2731 2588 3105 2659 natiuitatis

562 2679 754 2757 hora,
807 2676 1090 2764 quando
1136 2676 1428 2767 parvulo
1472 2690 1637 2746 nato
1679 2676 1990 2747 mundus
2034 2698 2193 2747 cum
2246 2676 2513 2768 angelis
2551 2677 2828 2767 jubilat,
2864 2698 3108 2747 omnes

561 2766 887 2836 dominae
932 2764 1020 2833 ad
1073 2767 1489 2834 matutinum
1541 2767 1611 2834 in
1663 2766 2039 2835 oratorium
2091 2780 2409 2857 pergunt,
2465 2779 2529 2836 et
2578 2779 2864 2835 matrem
2907 2765 3107 2834 infir-

565 2854 921 2924 mitatibus
973 2874 1304 2942 pressam,
1359 2853 1578 2923 solam
1627 2854 2055 2941 relinquunt.
2110 2861 2417 2942 Cumque
2465 2855 2552 2924 de
2600 2854 2884 2945 parvulo
2942 2855 3107 2924 lesu

560 2943 864 3032 cogitare
910 2942 1269 3032 coepisset,
1321 2954 1388 3011 et
1436 2942 1734 3012 multum
1784 2943 2067 3023 doleret,
2117 2942 2304 3030 quod
2351 2944 2504 3033 ejus
2537 2943 2865 3013 laudibus
2895 2944 3104 3012 inter-

560 3053 711 3100 aese
761 3051 897 3099 non
947 3042 1199 3131 posset,
1253 3030 1618 3120 suspirans
1667 3032 1802 3101 ait:
1857 3032 2140 3102 Domine
2192 3037 2409 3113 DeuS‚
2461 3054 2622 3102 ecce
2664 3032 2812 3102 sola
2867 3031 3107 3101 relicta

563 3141 723 3187 sum
772 3118 895 3187 tibi
946 3140 1013 3187 tn
1066 3117 1213 3188 loco
1260 3120 1415 3188 isto.
1469 3121 1547 3187 Et
1593 3140 1751 3188 ecce
1801 3132 2077 3209 repente
2128 3120 2469 3191 mirabilis
2517 3121 2637 3192 ille
2693 3132 3098 3201 concentus,

560 3208 686 3293 qui
734 3208 802 3274 in
853 3207 1143 3276 ecclesia
1191 3212 1257 3277 S.
1316 3208 1659 3279 Francisei
1706 3208 1937 3286 fiebat,
1994 3209 2142 3279 suis
2182 3210 2408 3300 coepit
2436 3211 2730 3280 auribus
2762 3211 3102 3279 intonare.

564 3294 898 3364 Audiebat
935 3294 1245 3384 jubilum
1294 3295 1584 3365 fratrum
1734 3296 2093 3366 allentium
2128 3354 2143 3379 ,
2214 3296 2613 3369 harmonias
2671 3298 3105 3368 cantantium

566 3384 1001 3463 attendebat,
1059 3386 1291 3473 ipsum
1338 3385 1640 3486 percipie
1693 3398 1764 3455 at
1817 3387 2122 3457 sonitum
2184 3408 2634 3478 organorum.
2699 3386 3109 3457 Nullatenus

570 3484 755 3542 tanta
801 3487 946 3543 erat
996 3473 1125 3542 loci
1177 3474 1679 3564 propinquitas,
1730 3487 1812 3544 ut
1843 3475 2009 3545 haee
2040 3476 2376 3565 attingere
2413 3476 3101 3566 possethuma-nitus.

566 3566 814 3631 Verum
863 3562 1045 3649 quod
1098 3575 1317 3634 totum
1368 3562 1495 3631 hoc
1541 3562 1810 3633 excellit
1855 3564 2243 3646 oraculum,
2288 3566 2517 3655 ipsum
2556 3563 2768 3655 digna
2807 3564 2936 3634 fuit
2977 3569 3108 3633 Do·-

568 3650 741 3719 mini
792 3672 1118 3743 praesepe
1168 3651 1419 3721 videre.
1458 3656 1667 3741 'Mane
1713 3653 1798 3722 ad
1847 3674 1998 3723 eam
2051 3654 2485 3724 venientibus
2546 3653 2871 3731 filiabus,
2934 3653 3109 3723 dixit

566 3740 797 3809 Clara:
858 3767 882 3803 α
941 3740 1346 3811 Benedictus
1396 3742 1728 3812 Dominus
1772 3748 1977 3813 Jesus
2026 3743 2358 3824 Christus»,
2413 3743 2532 3830 qui
2583 3764 2715 3823 me,
2771 3742 2965 3812 vobis
3005 3763 3109 3812 re-

564 3828 1067 3916 linquentibus,
1121 3851 1254 3899 non
1301 3829 1597 3918 reliquit.
1656 3832 1898 3901 Audivi
1947 3853 2177 3902 revera
2211 3854 2331 3923 per
2360 3832 2651 3924 gratiam
2686 3830 2935 3901 Christi
2966 3844 3108 3900 tota

562 3917 684 4077 {lla
731 3918 1092 4000 solemnia,
1144 3941 1322 4007 quae
1370 3921 1440 3988 in
1490 3919 1782 3990 ecclesia
1830 3922 2051 3991 sancti
2103 3921 2446 3991 Francisoi
2494 3919 2623 3990 hac
2675 3934 2872 3989 nocte
2927 3919 3112 3990 cele-

612 4020 761 4075 rata
793 4021 980 4077 sunt.
1023 4031 1058 4074 »

650 4097 686 4183 ἓ
737 4101 881 4168 81.
938 4097 1323 4166 Familiaris
1368 4098 1429 4167 ei
1485 4096 1803 4187 planetus
1837 4097 2234 4167 Dominicae
2263 4097 2632 4187 passionis.
2669 4101 2832 4165 Eam
2875 4095 3108 4186 laery-

563 4203 675 4251 ma
723 4185 969 4255 Christi
1018 4186 1205 4286 passi
1256 4186 1693 4256 vehementer
1725 4186 2042 4267 inebriat,
2079 4198 2144 4256 et
2173 4208 2377 4273 quem
2420 4185 2611 4255 cordi
2648 4208 2774 4256 suo
2820 4184 3111 4276 profun-

563 4270 724 4341 dius
771 4295 966 4343 amor
1012 4288 1478 4365 impresserat,
1534 4275 1927 4362 frequenter
1974 4276 2306 4344 memoria
2355 4297 2424 4344 re
2475 4287 2839 4346 raesentat.
2908 4279 3112 4344 Docet

566 4361 856 4431 novitias
903 4363 1247 4433 Christum
1300 4363 1628 4455 plangere
1660 4364 2106 4446 crucifixum,
2143 4379 2212 4433 et
2247 4364 2430 4433 simu
2497 4363 2684 4450 quod
2726 4364 2951 4435 verbis
2987 4363 3113 4433 do-

564 4462 691 4531 cet,
718 4448 916 4522 factis
946 4451 1309 4543 exemplat.
1342 4458 1509 4523 Nam
1546 4474 1749 4543 saepe
1777 4474 1938 4523 oum
1984 4454 2054 4521 in
2090 4464 2347 4523 secreto
2377 4453 2464 4522 ad
2492 4452 2657 4522 talia
2687 4452 3106 4532 hortaretur,
