3308 5004
110 345 297 413 AUG.
351 347 437 411 29
726 363 794 412 m
839 363 1033 412 rusi-o
1081 362 1419 414 paeonum.
1474 365 1528 412 s.
1582 364 1810 414 som.
1862 368 2044 416 narr.
2447 348 2575 413 723

107 460 335 549 autem
389 445 787 539 presbytero
810 447 986 538 (erat
1013 448 1072 517 is
1095 470 1282 519 unus
1330 470 1411 518 ex
1445 448 1532 519 iis
1563 449 1686 536 qui
1714 452 2183 538 sequebantur
2214 449 2671 542 Episcopum)

106 550 294 607 vemt
341 537 411 605 in
464 550 787 619 mentem,
847 551 920 606 ut
953 536 1241 607 minime
1288 536 1634 608 crederet:
1689 543 1789 621 Et,
1836 544 2179 623 Quanam,
2236 540 2489 627 inquit,
2556 560 2670 607 ra-

109 628 290 698 tione
322 624 746 696 credendum
796 637 899 695 est
945 625 1015 695 id
1064 647 1215 697 esse
1261 640 1473 716 caput
1514 625 1758 716 (simul
1820 629 2191 699 ostendens
2236 641 2301 699 et
2341 627 2670 719 tangens)

106 715 582 786 praecursoris
610 717 642 782 ‘P
688 718 843 784 Post
895 736 1052 784 uam
1084 726 1313 785 autem
1368 714 1541 804 pilos
1569 737 1849 803 quoque
1892 718 2096 788 simul
2140 717 2382 808 tetigit,
2420 738 2673 788 manus

110 804 213 875 illi
248 803 560 895 protinus
608 815 711 872 est
739 826 855 873 are
886 814 1060 885 acta,
1104 815 1168 874 et
1210 803 1495 893 hydriae
1543 804 1647 875 ori
1695 804 2034 877 adhaesit.
2088 811 2253 876 Eam
2289 819 2520 875 autem
2563 827 2674 874 re-

57 936 60 941 ·
112 895 361 985 cipere,
415 904 535 963 aut
566 892 759 962 illinc
805 893 1158 963 extrahere
1184 893 1471 963 omnino
1519 914 1654 962 non
1692 892 1963 964 licebat.
2007 896 2187 979 Quid
2235 916 2399 986 ergo
2435 906 2671 983 postea

111 996 212 1054 est
256 983 749 1053 consecutum?
803 981 1005 1052 Fiunt
1051 981 1139 1051 ab
1167 981 1498 1052 omnibus
1580 1004 1766 1052 reces
1811 996 1878 1054 et
1925 984 2267 1054 orationes
2301 982 2672 1052 vehemen-

112 1073 441 1143 tissimae.
498 1077 575 1141 Et
624 1092 874 1141 manus
906 1069 1185 1158 quidem
1233 1070 1340 1140 vix
1388 1083 1502 1141 tan
1558 1093 1665 1140 em
1715 1070 1846 1143 fuit
1892 1072 2192 1143 relaxata
2242 1095 2282 1142 a
2334 1070 2666 1153 vinculis,

109 1183 287 1248 quae
337 1182 470 1229 non
522 1159 860 1229 cadebant
910 1158 1041 1229 sub
1089 1158 1528 1249 adspectum:
1583 1162 1832 1231 Mansit
1890 1183 2045 1231 vero
2100 1160 2478 1232 admodum
2529 1160 2665 1230 im-

110 1248 400 1331 becilla,
453 1261 517 1319 et
575 1270 709 1318 non
756 1270 1002 1338 parvas
1049 1248 1380 1336 reliquias
1429 1248 1653 1319 ferens
1716 1249 2216 1341 castigationis.
2284 1250 2671 1351 Episcopus

108 1361 276 1429 ergo
324 1360 486 1408 cum
533 1337 897 1419 omnibus,
949 1337 1071 1424 qui
1116 1347 1312 1407 erant
1358 1359 1520 1408 cum
1582 1338 1773 1428 ips0‚
1827 1351 2109 1431 accepta
2160 1338 2433 1429 hydria.
2488 1359 2666 1425 quae

111 1449 405 1517 magnas
450 1449 639 1517 opeS‚
692 1426 1009 1496 divinum
1060 1447 1309 1516 nempe
1354 1426 1621 1496 celabat
1662 1427 2092 1508 thesaurum,
2147 1428 2216 1498 in
2270 1427 2662 1511 Diaconico,

107 1516 296 1604 quod
357 1528 657 1597 vocatur,
711 1526 987 1585 sanctae
1035 1516 1304 1606 reponit
1348 1515 1716 1586 Ecclesiae.
1777 1521 1854 1586 Et
1901 1515 2032 1588 fuit
2081 1517 2140 1588 is
2187 1516 2331 1587 illic
2367 1571 2382 1599 ,
2450 1515 2669 1585 donec

109 1604 450 1695 templum
488 1604 616 1674 fuit
662 1604 749 1674 ab
782 1625 860 1673 eo
895 1603 1363 1675 aedificatum.

199 1697 236 1781 ξ
284 1699 432 1767 12.
482 1693 1085 1764 verumenimvero
1140 1715 1301 1763 cum
1334 1693 1503 1763 haec
1524 1693 1673 1783 jam
1723 1706 1902 1764 esset
1948 1693 2263 1764 facienda
2293 1691 2658 1784 depositio,

108 1805 411 1874 magnus
444 1781 561 1851 ille
594 1786 1028 1863 Praecursor‚
1083 1782 1447 1853 suitetiam
1498 1803 1906 1873 praecursor
1938 1784 2024 1853 ad
2074 1781 2657 1859 misericordiam,

107 1887 174 1942 et
215 1872 518 1940 imitator
562 1871 735 1960 ejuS,
775 1870 897 1958 qui
944 1869 1072 1940 fuit
1119 1872 1206 1941 ab
1236 1894 1313 1942 eo
1363 1872 1772 1962 baptizatus.
1826 1872 2227 1962 Presbytero
2276 1871 2491 1951 enim,
2543 1870 2671 1958 qui

109 1982 247 2031 non
301 1958 705 2041 crediderat,
759 1981 1104 2050 apparens
1153 1960 1221 2029 in
1272 1961 1578 2032 somnis:
1633 1961 1703 2030 Si
1742 1961 1812 2030 in
1873 1962 2334 2052 processione,
2409 1958 2665 2046 inquit,

113 2071 306 2119 meae
354 2047 827 2139 depositioniS,
872 2070 1156 2118 manum
1209 2060 1397 2119 tuam
1432 2048 1723 2139 hydriae
1756 2050 2199 2141 imposueris,
2229 2048 2494 2119 nullam
2524 2071 2673 2117 am-

109 2138 300 2228 plius
351 2159 638 2228 poenam
677 2137 954 2217 sentieS,
999 2137 1114 2208 sed
1160 2159 1311 2207 eam
1359 2138 1648 2209 habebis
1690 2138 2019 2229 deinceps
2045 2140 2329 2209 omnino
2359 2136 2666 2206 validam

110 2240 176 2297 et
225 2248 491 2314 sanam.
547 2230 710 2296 Cum
765 2226 864 2295 sic
904 2225 1172 2297 fecisset
1220 2248 1447 2309 senex,
1503 2249 1634 2297 non
1690 2226 1818 2298 fuit
1856 2228 2196 2318 promisso
2246 2226 2661 2297 frustratus:

112 2316 229 2385 sed
282 2337 564 2386 manum
601 2313 867 2395 habuit,
920 2327 986 2384 et
1029 2336 1188 2385 cum
1239 2315 1390 2406 ipsa
1447 2317 1752 2385 animam
1806 2338 2082 2403 quoque
2130 2314 2327 2384 valde
2385 2335 2657 2384 sanam.

112 2405 401 2476 Divinus
466 2426 628 2496 ergo
674 2409 976 2474 Joannes
1035 2408 1450 2474 Praecursor
1522 2404 1688 2474 solis
1727 2404 2043 2495 justitiae
2113 2404 2310 2475 stella
2375 2400 2661 2495 lucifer,

112 2494 333 2565 Patris
379 2492 763 2584 ApostoluS,
817 2491 1119 2594 Baptista
1175 2492 1351 2574 Filii,
1405 2494 1718 2584 cognitor
1765 2494 1996 2563 Sancti
2039 2492 2358 2584 Spiritus,
2392 2488 2672 2561 divinae

108 2584 522 2655 administer
583 2603 1046 2664 oeconomiae,
1109 2581 1633 2673 Evangeliorum
1702 2582 2129 2672 principium
2166 2636 2181 2664 ,
2238 2603 2362 2651 vox
2412 2580 2665 2662 Verbi,

111 2695 361 2763 praeco
409 2673 640 2764 RegiS,
688 2672 852 2741 tuba
896 2670 1163 2751 salutiS‚
1218 2671 1456 2760 sponsi
1508 2670 1894 2759 pronubuS,
1944 2671 2260 2741 inventor
2306 2670 2673 2739 continen-

105 2762 272 2842 tiae,
318 2761 459 2832 dux
505 2775 570 2830 et
620 2761 941 2850 princeps
1008 2759 1386 2841 castitatis,
1453 2758 1739 2830 lucerna
1806 2758 2263 2842 lucidissima,
2326 2758 2664 2849 vigesimo

101 2849 393 2938 quidem
430 2850 673 2938 quinto
713 2848 971 2918 mensis
1030 2848 1341 2920 Octobris
1387 2868 1571 2918 anno
1608 2870 1893 2931 ccccmu,
1927 2847 2213 2940 Imperii
2262 2859 2531 2937 sceptra
2575 2859 2668 2917 te·

102 2938 443 3008 uentibus
477 2937 824 3029 imprimis
873 2938 1009 3028 piis
1041 2937 1479 3027 Principibus
1520 2937 2000 3010 Valentiniano
2046 2950 2111 3008 et
2158 2936 2491 3006 Martiano
2529 2935 2661 3025 (a),

102 3028 489 3117 deponitur
532 3026 815 3114 quidem
859 3027 926 3096 in
985 3025 1289 3095 Ecclesia
1349 3031 1842 3098 Emesenorum
1885 3028 1954 3096 in
2008 3047 2134 3096 suo
2202 3025 2504 3116 templo:
2569 3024 2666 3094 Ad

102 3116 406 3207 gloriam
460 3116 697 3207 magni
745 3115 860 3185 Dei
908 3128 973 3186 et
1021 3113 1389 3185 Salvatoris
1438 3116 1652 3186 nostri
1681 3122 1850 3187 Jesu
1898 3115 2180 3185 Christi:
2219 3119 2436 3198 Quem
2474 3113 2670 3182 decet

102 3206 346 3275 omnis
394 3204 634 3296 gloria,
689 3205 931 3286 honor,
982 3215 1048 3274 et
1094 3203 1428 3284 adoratio,
1482 3226 1672 3276 nunc
1719 3219 1785 3276 et
1824 3226 2131 3296 semper,
2187 3215 2253 3274 et
2321 3204 2393 3273 in
2436 3201 2671 3273 secula

105 3294 535 3376 seculorum,
574 3298 811 3365 Amen.

168 3475 238 3530 (a)
264 3477 451 3518 Annum
478 3474 747 3515 notavimus
777 3473 920 3514 aetati
946 3472 1116 3514 horum
1140 3473 1484 3523 Imperatorum
1504 3473 1856 3524 congruentem,
1874 3473 2079 3514 arratam
2096 3468 2384 3522 castig-,ntes
2403 3469 2667 3520 metaphra-

105 3534 203 3575 stia
234 3529 598 3578 chronolog-tam.
629 3528 721 3568 Sed
738 3527 886 3568 totam
904 3527 1024 3567 hano
1042 3527 1247 3567 fatemur
1264 3524 1529 3568 Emanium
1549 3527 1852 3568 traditionem
1870 3527 2187 3568 communiter
2205 3526 2374 3571 refelli,
2393 3525 2665 3565 nullatenus

110 3585 483 3637 componendam
512 3591 621 3623 cum
648 3581 977 3623 'translatione
1004 3590 1146 3631 quun
1175 3577 1630 3632 conmntinoponm
1657 3578 1899 3632 peregisse
1928 3581 2116 3622 constat
2141 3577 2267 3620 circa
2294 3587 2491 3622 cccxciii
2518 3578 2663 3618 'theo-

111 3641 306 3682 dosium
323 3641 558 3689 Magnum.
