3308 5004
209 336 406 404 AUG.
457 336 531 401 21
971 354 1050 400 nn
1098 353 1153 401 s.
1208 351 1554 401 numism
1600 353 1681 400 nn
1728 351 2015 402 emtum
2550 337 2680 404 557

208 437 512 530 spiritali
561 457 834 527 semper
867 437 1224 507 abundare
1254 437 1601 507 frumento
1639 436 1926 518 Vallem,
1961 459 2173 525 quam
2213 448 2290 507 ut
2329 437 2588 508 faceres
2630 451 2770 509 tam

207 549 284 597 re
334 549 545 615 quam
598 527 880 596 nomine
918 525 1305 608 clariorem,
1350 525 1683 615 dignatus
1711 548 1785 596 es
1826 538 1961 596 tam
1993 525 2281 598 eximiae
2310 527 2644 598 claritatis
2677 529 2772 599 si·

208 616 500 687 deribus
550 614 898 685 illustrare
945 615 1242 685 duobus,
1289 615 1562 685 Custodi
1606 615 1892 685 domum
1921 670 1937 696 ,
1983 616 2053 684 in
2088 636 2227 702 qua
2256 616 2378 686 tibi
2412 617 2774 707 geminum

207 704 344 775 hoc
379 716 518 774 tam
556 705 933 795 pretiosum
970 705 1364 806 depositum
1400 704 1811 775 custoditur.
1853 705 1998 774 Fiat
2032 704 2232 775 nobis
2251 705 2553 793 denique
2577 706 2775 796 juxta

210 795 498 865 verbum
552 805 777 874 tuum,
832 807 906 863 ut
954 793 1071 864 ubi
1123 805 1226 863 est
1274 793 1642 864 thesaurus
1692 806 1878 873 tuuS‚
1917 792 2016 863 ibi
2046 794 2135 862 sit
2170 805 2236 863 et
2264 816 2383 864 cor
2416 808 2638 865 tuum:
2677 794 2776 866 ibi

263 883 457 965 ratia,
493 894 559 952 et
591 882 1088 962 misericordia,
1127 893 1193 952 et
1227 894 1582 972 respectus
1612 882 1936 952 assiduae
1969 882 2242 973 pietatis
2271 904 2481 974 super
2505 904 2769 966 omneS,

212 995 232 1041 1
290 971 471 1041 idem
525 972 597 1040 in
651 984 769 1042 tuo
823 973 1098 1041 nomine
1148 984 1620 1063 congregatos,
1656 971 1841 1058 quod
1879 983 1982 1041 est
2017 993 2226 1061 super
2253 992 2459 1042 omne
2492 994 2767 1055 nomen,

210 1061 394 1133 sicut
440 1072 506 1130 et
557 1073 629 1131 tu
677 1081 889 1151 super
934 1061 1171 1130 omnia
1222 1066 1401 1131 Deus
1449 1059 1856 1130 benedictus
1905 1061 1976 1129 in
2026 1060 2284 1138 secula.
2339 1065 2574 1131 Amen.
2718 1093 2722 1098 ’

843 1322 924 1422 S.
979 1322 1449 1424 JOANNAE
1512 1321 2154 1425 FRANClSCAE

1063 1530 1165 1596 DE
1216 1530 1581 1596 CHANTAL
1629 1530 1931 1597 VIDUAE

530 1673 720 1740 ORD.
778 1672 1258 1740 SANCTIMON.
1314 1673 1867 1740 VISITATIONIS
1929 1673 2465 1741 FUNDATRICIS

1363 1866 1692 1944 VITA

319 2050 395 2097 Ex
430 2048 625 2096 BULLA
655 2047 1186 2098 cmomztffloms
1220 2048 1336 2095 Pltn
1365 2045 1550 2095 cmu-
1587 2047 1685 2096 1²1².
1723 2047 1841 2095 1111
1870 2046 2127 2096 cltmnn.
2160 2045 2332 2097 ANNO
2362 2048 2690 2098 HDCCLXVH

916 2212 1039 2267 Ob.
1081 2224 1260 2266 anno
1305 2211 1462 2265 1641
1502 2240 1579 2250 -
1620 2209 1677 2264 Ε
1720 2211 2077 2279 Eun-gund.

308 2397 344 2482 ξ
379 2399 453 2466 1.
512 2392 860 2462 Fortitudo
891 2404 955 2460 et
985 2391 1192 2460 decor
1224 2391 1713 2460 indumentum
1748 2389 2113 2461 militantis
2145 2391 2509 2474 Ecclesiae,
2549 2391 2775 2461 admi-

217 2482 423 2556 rabili
473 2505 638 2552 sane
687 2480 961 2551 divinae
1011 2480 1479 2569 providentiae
1525 2478 1840 2559 consilio,
1878 2478 2471 2567 quemadmodum
2509 2501 2583 2550 se
2618 2504 2776 2572 pro·

220 2574 397 2643 didit
443 2572 514 2640 in
565 2570 870 2650 juditha,
928 2571 993 2638 in
1050 2572 1332 2650 Debora‚
1389 2570 1455 2638 in
1511 2581 1728 2639 matre
1781 2583 2038 2659 septem
2077 2569 2678 2649 Machabaeorum,
2714 2583 2779 2642 et

222 2664 281 2732 si
316 2683 492 2751 quae
527 2660 702 2729 aliae
735 2660 1101 2729 extiterunt
1149 2660 1412 2729 similes
1441 2658 1718 2738 harum,
1756 2679 1932 2746 quae
1962 2657 2343 2727 foemineae
2374 2660 2778 2747 cogitationi

219 2749 690 2820 masculinum
743 2750 1055 2817 animum
1102 2748 1579 2825 inseruerunt·‚
1633 2746 1727 2815 ita
1782 2760 1848 2816 et
1901 2758 2054 2848 post
2101 2747 2349 2816 Christi
2409 2748 2777 2819 Salvatoris

220 2840 592 2909 adventum
641 2836 865 2907 elucet
915 2837 1236 2917 maxime,
1293 2857 1429 2904 non
1485 2835 1687 2904 modo
1736 2835 1804 2903 in
1872 2836 1958 2905 iis
2013 2833 2358 2916 foeminis,
2420 2858 2598 2924 quae
2653 2858 2779 2928 pro

220 2926 602 2997 christiana
650 2926 791 2995 Reli
850 2927 1005 2996 ione
1055 2947 1175 3015 per
1224 2937 1553 3016 tyrannos
1606 2935 1672 2994 et
1734 2924 2099 2994 carnifices
2164 2927 2447 2995 mactari
2514 2947 2781 2995 merue-
2836 2982 2839 2985 ,

219 3028 410 3095 runt,
463 3015 578 3084 sed
634 3015 700 3082 in
758 3015 800 3083 il
836 3017 893 3084 is
940 3014 1184 3095 etiam,
1239 3035 1415 3102 quae
1463 3013 1656 3114 ipsae
1708 3034 1817 3093 se,
1884 3013 2179 3104 perfecta
2216 3015 2350 3082 sui
2407 3035 2781 3102 rerumque

219 3104 541 3176 omnium
594 3104 1049 3183 abdicatione,
1105 3104 1291 3172 vivas
1341 3104 1600 3172 hostias
1635 3103 1705 3171 in
1748 3101 2026 3172 odorem
2064 3103 2421 3174 suavitatis
2458 3103 2775 3174 immola·

219 3207 490 3263 verunt.
545 3197 685 3262 Hoc
735 3190 931 3294 pacto
982 3192 1337 3273 nimirum,
1391 3205 1457 3260 et
1502 3192 1996 3281 omnipotentis
2047 3191 2162 3259 Dei
2210 3192 2473 3281 gratiae
2524 3193 2776 3273 virtus,

221 3304 346 3373 per
391 3304 472 3351 ea
519 3304 694 3369 quae
744 3280 1076 3372 ignobilia
1124 3292 1330 3368 atque
1380 3280 1658 3371 infirma
1691 3293 1855 3350 sunt
1891 3279 2160 3360 mundi,
2207 3280 2780 3371 splendidissime

221 3383 532 3463 apparet,
584 3384 649 3441 et
697 3370 1074 3440 catholicae
1105 3369 1468 3451 Ecclesiae,
1508 3370 1574 3437 in
1611 3391 1749 3456 qua
1783 3369 1992 3440 unica
2025 3368 2234 3439 saluti
2270 3391 2426 3460 spes
2460 3384 2586 3451 est,
2624 3384 2779 3440 san-

221 3458 484 3530 ctitudo
531 3473 594 3529 et
645 3460 892 3527 veritas
941 3460 1370 3547 argumentis
1421 3459 1708 3527 minime
1748 3457 2064 3528 obscuris
2104 3458 2573 3549 pulcherrime
2614 3481 2781 3529 con-

225 3549 568 3619 firmatur.
624 3553 836 3636 Atque
885 3548 952 3615 in
1008 3548 1136 3616 hac
1184 3546 1482 3638 profecto
1530 3547 1938 3626 illustrium,
1991 3569 2071 3616 ac
2119 3545 2399 3617 fortium
2443 3546 2780 3618 foemina-

220 3660 381 3708 rum
450 3637 668 3707 classe
729 3636 1202 3706 collocandam
1270 3636 1370 3707 vel
1438 3637 1511 3706 in
1569 3637 1815 3737 primis
1874 3657 2023 3721 esse
2095 3636 2361 3706 beatam
2423 3637 2776 3706 Joannam

223 3726 657 3796 Franciscam
713 3725 1006 3795 Fremiot
1052 3726 1137 3794 de
1186 3725 1468 3796 Cliantal
1527 3724 1914 3813 singularia
1986 3722 2180 3796 illius
2239 3736 2518 3796 strenue
2589 3737 2784 3815 gesta

223 3815 599 3885 declarant.
656 3814 784 3884 Illa
818 3815 1000 3885 enim
1041 3815 1332 3883 materni
1374 3814 1578 3884 veluti
1611 3813 1899 3883 affectus
1942 3814 2330 3894 immemor,
2376 3827 2451 3884 ut
2479 3815 2548 3882 in
2587 3813 2783 3882 Chri-

226 3917 328 3974 sto
371 3905 558 3985 Jesu‚
594 3904 795 3991 cujus
828 3903 1259 3973 adorandum
1287 3924 1553 3985 ‚nomon
1587 3902 1928 3971 candente
1968 3902 2151 3972 ferro
2197 3903 2453 3991 pectori
2486 3903 2783 3992 impres-

229 4005 428 4067 serat.
484 4007 690 4063 totam
743 4014 892 4062 esse
941 3992 1223 4073 dicaret,
1280 4015 1403 4082 per
1448 3991 1700 4072 filium,
1755 4013 1957 4078 quem
2030 3991 2236 4061 unice
2294 3990 2648 4092 diligebat,
2709 3991 2781 4059 in

227 4082 400 4152 ostio
446 4083 697 4152 domus
745 4094 955 4151 strato
1002 4081 1418 4172 corpusculo
1468 4081 1859 4150 haerentem
1912 4080 1996 4148 ad
2048 4078 2344 4149 electum
2398 4080 2531 4150 sibi
2564 4079 2783 4161 coele,-

228 4182 396 4239 stem
450 4193 784 4272 sponsum
840 4192 1120 4262 pergere
1172 4191 1305 4239 non
1357 4169 1723 4251 dubitavit,
1776 4182 1841 4237 et
1890 4180 2041 4239 voto
2090 4190 2164 4239 se
2210 4167 2430 4239 arduo
2488 4191 2568 4238 ac
2632 4190 2784 4261 per-

231 4257 497 4329 difficili
546 4260 951 4339 obstrinxit,
1017 4273 1093 4328 ut
1151 4271 1381 4350 ageret
1442 4280 1521 4327 ea
1588 4280 1731 4328 sem
1786 4279 1861 4327 er
1924 4279 2102 4344 quae
2169 4257 2573 4348 perfectiora
2633 4279 2785 4330 esse

231 4347 661 4440 intelligeret.
693 4355 877 4432 Quae
924 4348 1232 4436 quidem,
1265 4360 1471 4435 atque
1502 4346 1638 4415 alia
1688 4348 1707 4415 i
1807 4367 2028 4437 genus
2075 4348 2146 4416 in
2198 4346 2509 4438 subjecta
2556 4347 2783 4438 ipsius

228 4436 403 4508 vitae
434 4437 952 4529 compendiaria
984 4437 1446 4529 descriptione
1477 4457 1969 4529 recognoscere
1999 4435 2228 4526 quivis
2261 4435 2460 4508 facile
2510 4436 2778 4528 poterit,
