3308 5004
681 267 810 353 676
2289 323 2294 330 .
2809 261 3018 331 we.
3067 263 3155 330 εει

1070 492 1151 593 S.
1226 489 1765 595 AUGUSTlNl
1841 488 2262 593 ΗΙΡΡΟΝ.
2340 489 2648 592 EPlSC.

903 717 1003 783 ΕΤ
1084 715 1813 783 PRAESTANTISSIMI
1897 712 2330 784 ECCLESIAE
2413 675 2840 780 DOCTORIS'

1706 906 2038 1028 ver

771 1126 957 1175 zmn
1004 1126 1044 1172 Δ
1093 1125 1145 1172 S.
1192 1121 1477 1173 Possuno
1523 1120 1674 1172 mus
1719 1117 2072 1184 msmt’um,
2113 1121 2263 1170 Dim
2309 1119 2660 1170 cAumsl
2708 1119 2981 1186 must.

1286 1317 1487 1386 migr.
1530 1328 1711 1373 anno
1756 1317 1890 1373 430
1933 1343 2011 1354 -
2050 1315 2211 1372 Nat.
2256 1315 2441 1372 Afer.
2475 1364 2482 1374 .

686 1515 1041 1580 Procoeus.
1116 1509 1504 1600 Inspirante
1551 1530 1781 1578 rerum
1853 1506 2169 1577 omnium
2232 1505 2487 1578 factore
2544 1518 2609 1577 et
2676 1505 3163 1595 gubernatore

600 1604 755 1669 Deo.
814 1598 946 1667 mei
983 1619 1245 1667 memor
1277 1596 1630 1687 propositi,
1668 1618 1805 1684 quo
1863 1618 1984 1686 per
2028 1594 2317 1685 gratiam
2369 1595 2764 1675 salvatoris,
2831 1599 3164 1688 omnipo-

601 1687 767 1758 tenti
800 1709 881 1756 ac
929 1686 1200 1756 divinae
1224 1686 1533 1756 Trinitati
1572 1708 1698 1786 per
1731 1684 1938 1755 fidem
1973 1683 2227 1756 servire
2265 1683 2558 1766 decrevi,
2593 1695 2660 1752 et
2686 1695 2908 1754 antea
2950 1686 3162 1756 invita

600 1776 934 1846 laicorum
976 1787 1041 1845 et
1088 1795 1273 1844 nunc
1302 1775 1370 1846 in
1407 1774 1631 1845 officio
1662 1775 2184 1865 Episcoporum:
2218 1772 2502 1852 studens
2532 1794 2612 1842 ex
2642 1772 3159 1864 qualicumque

601 1875 879 1953 accepto
919 1863 1194 1952 ingenio
1222 1874 1287 1932 et
1316 1885 1629 1934 sermone
1662 1862 2123 1933 aedificationi
2157 1861 2476 1962 prodesse
2510 1875 2795 1932 sanctae
2846 1885 2939 1933 ac
2972 1884 3160 1934 verae

602 1952 850 2022 Christi
884 1951 1151 2021 Domini
1186 1951 1558 2022 catholicae
1582 1953 1948 2034 Ecclesiae,
1993 1951 2078 2020 de
2118 1964 2252 2021 v1ta
2296 1973 2376 2021 ac
2409 1950 2721 2021 moribus
2769 1952 3158 2024 sacerdotis

600 2041 845 2131 optimi
890 2040 1279 2130 Augustini,
1330 2041 1605 2127 quaein
1658 2040 1893 2111 eodem
1947 2039 2110 2120 vidi,
2154 2042 2242 2110 ab
2281 2038 2662 2140 eodemque
2707 2038 2993 2123 audivi,
3034 2043 3154 2110 mi-

604 2129 791 2198 nime
838 2129 1119 2199 reticere
1164 2129 1400 2200 debe0.
1455 2129 1528 2199 ld
1563 2130 1752 2200 enim
1801 2128 2005 2199 etiam
2046 2142 2203 2199 ante
2238 2151 2363 2199 nos
2404 2127 2794 2198 factitatum
2852 2129 3072 2202 fuisse
3113 2152 3150 2197 a

601 2217 1143 2309 religiosissimis
1190 2231 1466 2290 sanctae
1519 2218 1757 2289 matris
1791 2217 2129 2287 Ecclesiae
2175 2217 2554 2287 catholicae
2601 2216 2800 2298 viriS,
2851 2218 3149 2309 legimus

598 2321 665 2377 et
696 2306 1204 2398 comperimus:
1237 2306 1359 2395 qui
1404 2306 1638 2377 divino
1688 2306 1897 2376 afflati
1946 2306 2230 2395 Spiritu,
2267 2327 2581 2376 sermone
2632 2306 2919 2396 proprio
2949 2320 3145 2393 atque
3223 2361 3224 2368 κ

602 2393 802 2486 stylo,
855 2409 919 2466 et
964 2396 1256 2467 auribus
1291 2410 1357 2466 et
1400 2395 1623 2466 oculis
1663 2396 1838 2466 seire
1875 2393 2275 2477 volentium,
2320 2392 2611 2464 dicendo
2641 2409 2708 2464 et
2751 2395 3125 2492 scribendQ

603 2483 857 2555 similia
906 2484 1375 2556 studiosorum
1439 2485 1720 2556 notitiae
1789 2484 2217 2565 intulerunt,
2287 2482 2528 2573 quales
2574 2483 2936 2571 quantique
2993 2482 3120 2549 vin

604 2574 824 2645 sancti
868 2596 950 2644 ex
996 2575 1354 2644 communi
1404 2575 1676 2645 Domini
1727 2574 1945 2665 gratia
1995 2573 2063 2645 in
2116 2574 2323 2644 rebus
2372 2573 2707 2643 humanis
2761 2585 2824 2642 et
2863 2572 3116 2650 vivere,

600 2675 668 2733 et
714 2685 935 2751 usque
984 2663 1051 2732 in
1131 2663 1338 2735 finem
1392 2663 1623 2734 obitus
1688 2683 2120 2753 perseverare
2172 2676 2596 2733 meruerunt.
2680 2662 2946 2733 Idcirco
2992 2664 3132 2751 ipse

601 2773 962 2841 quoque...
1003 2751 1089 2821 de
1115 2751 1441 2841 praedicti
1473 2752 1884 2822 venerabilis
1924 2764 2163 2829 exortu
2190 2751 2311 2820 viri
2341 2765 2406 2822 et
2445 2772 2791 2841 procursu
2820 2765 2888 2820 et
2922 2750 3139 2822 debito

601 2840 764 2923 fine,
802 2862 981 2930 quae
1015 2863 1135 2930 per
1179 2862 1337 2911 eum
1388 2839 1603 2911 didici
1648 2854 1714 2911 et
1761 2853 2079 2932 expertus
2113 2862 2295 2922 sum,
2345 2840 2896 2931 quamplurimis
2953 2839 3150 2910 annis

601 2930 753 3019 ejus
802 2930 1170 2999 inhaerens
1203 2929 1546 3010 charitati,
1600 2943 1678 3000 ut
1703 2930 2035 3000 Dominus
2079 2929 2457 3009 donaverit,
2510 2928 3018 3021 explicandum
3041 2946 3148 3000 su-

602 3018 815 3108 scepi.
862 3022 1225 3100 Verum...
1281 3039 1413 3088 non
1471 3019 1803 3110 attingam
1854 3040 1934 3088 ea
1981 3018 2234 3088 omnia·
2278 3018 2673 3099 insinuare,
2726 3041 2918 3107 quae
2977 3018 3154 3089 idem

602 3106 1046 3177 beatissimus
1093 3108 1521 3198 Augustinus
1554 3108 1620 3176 in
1657 3108 1804 3193 suis
1833 3105 2351 3178 Confessionum
2393 3107 2589 3178 libris
2616 3106 2704 3178 de
2750 3110 3152 3199 semetipso,

602 3195 832 3283 qualis
863 3210 1019 3267 ante
1067 3209 1454 3286 perceptam
1505 3197 1797 3287 gratiam
1848 3195 2074 3275 fuerit,
2127 3196 2492 3284 qualisque
2529 3197 2674 3287 jam
2721 3200 3018 3289 sumpta
3062 3196 3163 3267 vi-

604 3298 810 3367 veret,
880 3285 1284 3375 designavit.
1340 3290 1479 3355 Hoc
1518 3287 1705 3356 enim
1754 3284 1976 3355 facere
2024 3284 2260 3368 voluit,
2314 3298 2390 3356 ut
2437 3285 2532 3355 ait
2593 3285 3030 3375 Apostolus:
3081 3307 3166 3371 ne

607 3373 692 3458 de
744 3396 815 3443 se
862 3374 1233 3461 quisquam
1284 3373 1646 3444 hominum
1708 3380 1917 3532 supra
1954 3396 2166 3462 quam
2217 3396 2289 3444 se
2327 3396 2476 3444 esse
2526 3388 2831 3454 noverat,
2899 3390 3034 3446 aut
3087 3374 3170 3446 de

606 3483 678 3533 se
725 3462 1039 3533 auditum
1089 3462 1350 3543 fuisset,
1380 3462 1684 3533 crederet
1712 3486 1788 3533 ve
1867 3475 2158 3554 putaret,
2197 3462 2609 3533 humilitatis
2657 3477 2948 3534 sanctae
2977 3485 3174 3535 mooe

602 3563 828 3631 utens,
880 3562 945 3621 et
983 3551 1131 3639 jam
1184 3551 1457 3621 nullum
1508 3551 1788 3621 fallens:
1861 3551 1978 3621 sed
2032 3550 2305 3622 laudem
2381 3574 2515 3622 non
2571 3550 2816 3634 suam,
2872 3554 3007 3625 sed
3063 3553 3174 3626 sui

605 3640 902 3721 Domini,
955 3639 1040 3709 de
1091 3640 1367 3730 propria
1411 3640 1813 3711 liberatione
1845 3663 1925 3709 ac
1975 3662 2261 3711 munere
2307 3663 2669 3728 quaerens,
2713 3663 2793 3712 ex
2845 3642 2934 3713 iis
2985 3643 3178 3716 vide-

604 3728 787 3816 licet,
828 3750 1005 3817 quae
1047 3729 1195 3819 jam
1256 3742 1691 3820 perceperat,
1760 3742 1824 3800 et
1870 3729 2204 3800 fraternas
2269 3750 2502 3820 preces
2570 3751 2863 3820 poscens
2905 3730 3006 3802 de
3090 3733 3178 3806 iis

606 3840 785 3904 quae
830 3818 1141 3908 accipere
1185 3818 1527 3908 cupiebat.
1591 3823 2111 3890 Sacramentum
2175 3819 2389 3911 igitur
2437 3819 2663 3911 Regis,
2704 3819 2894 3907 quod
2949 3827 3180 3915 Ange-

610 3906 746 3976 lica
784 3907 1184 3990 auctoritate
1219 3907 1563 3997 prolatum
1605 3920 1731 3988 est,
1762 3907 2020 3977 bonum
2056 3920 2158 3979 est
2192 3908 2637 3979 abscondere:
2680 3931 2895 4000 opera
2927 3910 3178 3985 autem

611 3994 883 4065 Domini
932 3995 1229 4066 revelare
1274 4008 1340 4066 et
1368 3995 1705 4076 confiteri,
1759 3995 2221 4068 honorificum
2272 4010 2399 4068 est.

698 4085 735 4171 ξ
782 4088 858 4156 Ι.
913 4085 1131 4177 Igitur
1179 4084 1620 4156 beatissimus
1667 4086 2095 4176 Augustinus
2143 4109 2223 4156 ex
2281 4085 2634 4177 provincia
2694 4086 3036 4161 Africana
3080 4088 3186 4183 (ο)

661 4279 725 4331 (a)
752 4278 970 4323 Numidia
998 4284 1055 4323 ad
1082 4280 1492 4327 Mediterraneum.
1518 4292 1645 4325 nunc
1673 4280 1790 4325 ditio
1821 4286 2042 4335 Ataeo-ina.
2070 4284 2308 4335 Thoanta
2334 4286 2492 4325 nutem
2523 4285 2638 4325 urba
2670 4287 2809 4335 (quoe
2837 4290 2888 4326 et
2912 4287 3190 4340 roffea-n

610 4335 800 4383 Ταςοεια
828 4333 1083 4382 scribitur).
1113 4336 1297 4377 arabico
1324 4337 1578 4378 vernaculo
1608 4339 1683 4379 eet
1711 4339 1818 4378 hod.
1848 4340 1997 4387 Tnjett.
2016 4338 2239 4379 Hendoue
2261 4339 2304 4380 Β.
2324 4339 2528 4379 &cobus
2550 4349 2576 4379 a
2597 4338 2830 4389 varagine
2846 4340 3194 4391 Augusti-⁸-

609 4387 725 4427 ‹110st
742 4385 936 4431 civitate
957 4387 1330 4439 carthaginiensi
1351 4392 1524 4431 ortum.
2482 4399 2488 4407 '
