3308 5004
175 341 315 411 lue.
350 343 384 410 ι
760 371 765 376 ,
1090 360 1175 408 n:
1220 299 1281 409 s.
1330 357 1634 410 nummo
2422 342 2554 409 teo

172 459 222 516 et
259 445 456 516 ibidem
535 444 929 528 Abbatissa,
982 466 1195 533 quam
1273 444 1583 516 diximus
1617 500 1633 527 ,
1707 465 1868 515 cum
1918 443 2352 516 monialibus
2422 445 2645 516 omni-

170 535 268 604 bus
304 555 595 623 praesens
625 588 641 615 ,
695 533 1365 604 administrationem
1413 544 1479 604 et
1517 535 1685 626 jura
1736 533 1971 605 omnia
2018 533 2422 604 monasterii
2483 538 2643 604 Car-

160 623 443 692 dinalibus
488 635 554 692 et
614 623 748 714 ipsi
798 622 1223 714 resignaret,
1272 622 1376 693 uti
1425 623 1632 693 etiam
1699 621 1957 693 factum
2008 633 2135 695 est.
2190 627 2362 693 Ecce
2410 635 2644 694 autem

160 712 375 781 sedente
400 712 539 781 vit‘o
578 711 1021 783 sanctissimo
1052 732 1211 781 cum
1274 711 1416 781 illis
1455 710 1944 783 cardinalibus
1982 711 2051 781 in
2092 711 2321 781 media
2369 711 2646 802 Capitu-

161 799 252 869 lari
283 800 505 882 domo,
560 801 919 872 Abbatissa
964 821 1125 871 vero
1172 822 1330 869 cum
1396 799 1822 871 monialibus
1876 799 2217 881 adstante,
2284 811 2362 870 ut
2408 822 2488 870 ea
2537 822 2645 870 res

165 888 427 958 divinitus
450 902 638 981 gesta
671 889 968 960 evidenti
1009 889 1349 959 miraculo
1378 887 1886 960 declararetur:
1917 888 2020 958 vir
2057 888 2339 977 quidam
2369 888 2647 978 ejulans

165 989 208 1045 et
228 998 461 1047 comam
513 978 797 1058 vellens,
838 999 1003 1048 voce
1049 977 1369 1048 horribili
1406 979 1785 1048 exclamat:
1838 976 2051 1059 Eheu,
2099 977 2301 1047 eheu.
2367 978 2647 1048 Cunctis

166 1066 432 1137 exterritis
466 1078 536 1137 et
596 1067 1115 1137 sciscitantibus
1178 1065 1347 1154 quid
1400 1066 1706 1148 haberet,
1763 1065 2162 1156 respondit:
2214 1071 2435 1156 Nepos
2502 1070 2647 1136 Ste-

165 1153 317 1243 phani
362 1155 740 1226 cardinalis
784 1157 875 1226 ab
921 1176 1100 1244 equo
1146 1154 1429 1236 cadenS,
1485 1169 1802 1226 mortuus
1833 1167 1960 1224 est.
2015 1155 2381 1225 Dicebatur
2426 1155 2487 1224 is
2515 1159 2647 1224 Na·

166 1242 378 1331 puleon.
411 1249 502 1314 Ea
552 1266 624 1314 re
674 1264 960 1334 prorsus
1000 1245 1358 1334 inopinata
1403 1255 1470 1314 et
1518 1242 1902 1314 miserabili
1968 1243 2360 1334 Stephanus
2410 1242 2645 1312 Cardi-

162 1331 290 1401 nalis
331 1344 613 1423 patruus
645 1333 798 1421 ejus
842 1334 1174 1404 attonitus
1203 1345 1269 1403 et
1297 1345 1733 1424 angustatuS,
1790 1333 1860 1401 in
1898 1333 2176 1403 beatum
2205 1332 2640 1402 Dominicum

159 1432 315 1509 caput
335 1422 708 1492 reclinavit:
746 1422 869 1492 alii
899 1443 1059 1492 vero
1089 1421 1531 1512 excipienteS‚
1568 1419 2004 1492 sustulerunt
2032 1442 2215 1491 eum.
2256 1424 2334 1490 At
2363 1434 2648 1492 sanctus

157 1520 300 1596 pater
340 1533 652 1601 surgens,
687 1531 937 1598 aquam
973 1510 1404 1581 benedictam
1445 1511 1514 1580 in
1563 1509 1815 1581 Christi
1863 1509 2145 1579 nomine
2183 1509 2243 1578 ei
2275 1509 2640 1599 adspersit.

213 1600 413 1684 §12
490 1606 701 1670 Porro
771 1598 983 1670 frater
1027 1600 1423 1671 Tancredus
1481 1599 1652 1668 dixit
1720 1598 1804 1668 ad
1874 1599 2096 1667 virum
2148 1598 2302 1667 Dei:
2372 1599 2497 1668 Ubi
2545 1609 2647 1668 est

156 1685 324 1773 pietas
366 1700 508 1771 tua,
554 1700 768 1780 pater,
833 1688 955 1759 ubi
1004 1710 1193 1759 nunc
1241 1688 1415 1759 fides
1463 1690 1535 1758 in
1588 1688 2011 1758 Dominum?
2057 1691 2190 1757 Cur
2256 1707 2379 1778 pro
2427 1686 2648 1757 salute

152 1773 555 1848 adolescentis
603 1799 740 1848 non
812 1799 971 1848 oras
1018 1781 1286 1848 Deum?
1354 1783 1523 1847 Tum
1576 1778 1681 1847 vir
1728 1776 1845 1846 Dei
1913 1796 1951 1845 e
2004 1796 2235 1846 ressus
2267 1830 2282 1857 ‚
2352 1775 2495 1846 ibat
2559 1775 2646 1846 ad

151 1862 409 1948 cadaver,
461 1865 862 1936 miseranda
908 1866 1368 1937 concussione
1407 1877 1474 1934 et
1512 1864 1888 1935 immodica
1980 1864 2383 1954 issipatione
2427 1865 2650 1934 borri-

149 1950 331 2022 biliter
372 1955 839 2046 deturpatum.
891 1956 1113 2026 Jussit
1145 1968 1377 2024 autem
1408 1953 1583 2024 illud
1618 1954 1689 2022 in
1731 1953 2070 2041 quasdam
2117 1952 2321 2025 aedes
2371 1953 2642 2023 inferri:

150 2059 307 2128 porro
359 2049 425 2113 F.
478 2043 832 2114 'tancredo
878 2057 943 2114 et
982 2044 1162 2126 aliis,
1213 2045 1336 2145 qui
1400 2065 1565 2113 cum
1628 2043 1780 2133 ipso
1825 2052 2059 2123 erant,
2131 2042 2341 2124 dixit,
2397 2056 2475 2112 ut
2523 2064 2648 2133 pro

146 2131 437 2204 sacrificio
482 2132 830 2204 offerendo
860 2133 1074 2203 altare
1122 2134 1258 2223 ipsi
1285 2143 1797 2223 praepararent.
1836 2132 2035 2202 Ibant
2065 2152 2228 2221 ergo
2254 2131 2650 2202 Cardinales

145 2237 267 2287 cum
312 2223 477 2306 suis,
531 2234 598 2293 et
627 2222 985 2293 Abbatissa
1030 2243 1189 2291 cum
1241 2219 1918 2302 sanctimonialibus,
1972 2219 2057 2288 ad
2110 2219 2340 2289 locum
2393 2219 2515 2290 ubi
2547 2221 2650 2289 vir

144 2303 339 2379 beatus
396 2323 543 2381 erat
588 2310 885 2381 hostiam
956 2309 1326 2380 salutarem
1402 2309 1918 2380 immolaturus.
1995 2313 2161 2379 Cum
2227 2320 2453 2378 autem
2498 2309 2645 2399 jam

145 2394 397 2468 adstaret
426 2399 514 2469 ad
556 2421 748 2469 aram
782 2420 942 2469 cum
992 2420 1311 2479 summa,
1365 2410 1443 2468 ut
1496 2397 1780 2478 solebat,
1834 2396 2249 2476 reverentia,
2308 2397 2648 2467 immenso

142 2484 417 2571 perfusus
454 2500 559 2560 est
592 2488 1053 2578 lacrymarum
1107 2488 1372 2570 imbre,
1427 2487 1690 2578 Spiritu
1750 2491 1996 2557 Sancto
2046 2486 2292 2555 flante:
2347 2507 2649 2574 cumque

144 2592 349 2664 eorpus
394 2578 646 2648 Christi
693 2577 1090 2667 purissimis
1142 2578 1468 2647 manibus
1497 2576 1566 2645 in
1600 2576 1818 2645 altum
1869 2575 2184 2654 elevaret,
2226 2576 2497 2644 cunctis
2526 2575 2648 2663 qui

141 2661 378 2760 aderant
409 2667 888 2758 spectantibus
935 2677 1000 2736 et
1034 2667 1497 2756 stupentibuS,
1551 2666 1702 2754 ipse
1742 2664 1997 2755 pariter
2028 2663 2249 2733 cubiti
2280 2664 2497 2732 unius
2544 2663 2650 2732 al-

145 2753 390 2824 titudine
451 2779 493 2826 a
545 2769 721 2826 terra
777 2754 1082 2825 elevatus
1128 2767 1274 2836 est,
1342 2776 1596 2844 corpus
1663 2764 2013 2823 terrenum
2064 2764 2129 2820 et
2176 2772 2383 2841 grave
2430 2752 2647 2821 animi

141 2836 451 2914 devotione
512 2857 580 2914 et
626 2844 876 2935 spiritu
941 2843 1200 2935 gratiae
1272 2865 1553 2914 sursum
1616 2842 1989 2912 attollente.
2060 2840 2442 2911 oblationis
2488 2841 2652 2911 inde

144 2929 481 3002 ministerio
534 2933 845 3024 piissime
881 2945 1186 3023 peracto,
1240 2932 1344 3000 vir
1392 2932 1839 3004 beatissimus
1878 2931 1963 3000 ad
2014 2951 2267 3020 corpus
2314 2928 2646 3012 defuncti,

147 3018 364 3089 Domini
420 3022 970 3092 misericordiam
1019 3021 1543 3111 imploraturuS‚
1606 3021 1919 3091 accessit.
1976 3018 2453 3105 Sequebantur
2488 3041 2649 3089 eum

145 3106 495 3191 (jardinales
545 3133 705 3180 cum
743 3110 1025 3180 famulis
1065 3112 1237 3190 suis,
1290 3111 1594 3197 itemque
1642 3109 2002 3185 Abbatissa
2065 3129 2225 3177 cum
2297 3109 2653 3179 sororibus

146 3195 273 3295 suis
318 3221 483 3269 cum
536 3220 844 3269 moerore
889 3212 954 3269 et
993 3198 1273 3281 fiducia,
1325 3198 1494 3286 quid
1545 3199 1614 3267 in
1666 3199 1777 3268 sui
1827 3197 2129 3267 nominis
2185 3196 2478 3287 gloriam
2528 3202 2655 3266 Do-

147 3299 337 3356 minus
368 3289 686 3359 facturus
720 3300 923 3370 esset,
978 3288 1252 3377 penitus
1300 3288 1722 3378 ignorantes.
1760 3292 1960 3357 Stans
2000 3297 2231 3355 autem
2270 3285 2371 3353 vir
2419 3286 2654 3377 piissi-

150 3386 267 3466 mus
291 3376 372 3447 ad
420 3398 683 3468 corpus
728 3377 1128 3458 extinctum,
1169 3389 1380 3468 caput
1417 3388 1482 3446 et
1527 3387 1789 3446 caetera
1823 3375 2134 3445 membra
2166 3386 2647 3461 conquassata,

148 3477 424 3558 lpsosque
458 3466 672 3557 pedes
722 3488 936 3541 manu
984 3488 1108 3536 sua
1157 3466 1625 3545 contrectavit,
1671 3464 1817 3535 suis
1869 3463 2037 3533 locis
2071 3475 2388 3533 accurate
2427 3476 2493 3533 et
2539 3484 2656 3533 co-

154 3561 309 3620 muer
350 3557 589 3625 omnia
662 3553 1163 3646 componendo.
1221 3553 1474 3623 Deinde
1522 3553 1603 3624 ad
1670 3574 1905 3643 preces
1959 3551 2159 3640 juxta
2208 3550 2531 3621 feretrum
2583 3573 2656 3622 se

155 3641 415 3714 eontulit.
472 3648 786 3732 Cumque
850 3645 1037 3714 hunc
1110 3644 1179 3712 in
1230 3643 1518 3713 modum
1590 3640 1895 3711 secundo
1962 3653 2028 3709 et
2075 3642 2270 3711 tertio
2335 3639 2651 3722 fecisset,

160 3741 402 3820 surgens
447 3734 542 3804 ab
587 3734 918 3814 oratione,
957 3732 1155 3822 signo
1194 3733 1431 3801 Crucis
1477 3752 1638 3800 eum
1687 3728 2158 3820 consignavit:
2213 3742 2540 3816 stansque
2569 3729 2652 3798 ad

162 3831 318 3904 eaput
361 3820 699 3903 defuncti,
753 3820 1045 3893 sublatis
1079 3822 1149 3889 in
1199 3821 1469 3891 coelum
1529 3820 1878 3899 manibuS,
1935 3818 2171 3888 divina
2217 3818 2463 3887 virtute
2510 3818 2660 3908 ipse

165 3917 382 3995 quoque
424 3909 590 4001 plus
633 3930 842 3997 quam
893 3909 1129 3981 cubito
1186 3930 1327 3979 uno
1382 3930 1766 3998 suspensus
1812 3909 1881 3977 in
1933 3910 2133 3988 aere,
2192 3927 2442 3997 magna
2496 3927 2660 3976 voce

167 3987 477 4068 clamavit:
540 3998 946 4069 Adolescens
994 3998 1388 4089 Napuleon,
1440 3999 1512 4067 in
1565 3997 1846 4067 nomine
1912 3995 2182 4065 Domini
2231 3995 2447 4065 nostri
2493 4001 2662 4066 Jesu

172 4077 355 4155 Christi
386 4087 519 4158 tibi
567 4088 744 4168 dico,
790 4110 1017 4178 surge.
1055 4087 1422 4157 Confestim
1460 4086 1855 4156 videntibus
1882 4085 2178 4160 cunctis,
2232 4084 2355 4170 qui
2402 4082 2487 4154 ad
2524 4097 2662 4155 tam

288 4174 370 4245 de
428 4176 906 4267 spectaculum
967 4176 1465 4258 confluxerant,
1532 4197 1748 4245 sanus
1801 4185 1867 4243 et
1917 4172 2290 4242 incolumis
2338 4175 2658 4256 surrexit,

214 4342 223 4352 ‚
267 4273 414 4351 tque
447 4265 538 4334 ad
579 4266 803 4336 virum
854 4265 1011 4335 Dei:
1064 4269 1280 4347 Pater,
1334 4263 1419 4334 da
1482 4264 1658 4334 mihi
1705 4263 1888 4351 quod
1946 4261 2173 4331 edam.
2230 4266 2515 4350 Moxque
2560 4264 2668 4332 vir

184 4356 280 4424 mus
310 4353 504 4424 dedit
531 4354 596 4424 ei
626 4355 857 4425 cibum
908 4366 974 4423 et
1023 4365 1283 4443 potum,
1316 4375 1726 4442 „sanumque
1772 4365 1837 4424 et
1886 4352 2203 4433 hilarem,
2263 4372 2388 4421 nec
2436 4351 2660 4422 ullum

186 4441 394 4511 matriti
456 4444 767 4534 corporis
842 4442 1211 4533 vestigium
1291 4441 1658 4515 habentem
1718 4441 2021 4514 reddidit
2098 4441 2473 4511 venerabili
2518 4441 2664 4509 viro

284 4562 523 4621 surius
550 4593 568 4606 -
603 4561 767 4625 Vitae
789 4561 900 4625 88.
924 4593 948 4606 -
976 4557 1107 4621 Vol.
1136 4560 1296 4624 VIII.
2409 4562 2445 4620 9
