3308 5004
621 332 707 395 20
1240 347 1319 392 nn
1366 346 1627 394 cumnis
1675 347 1750 393 Er
1796 344 2023 393 ammo
2071 346 2128 393 s.
2184 346 2363 395 1>sz
2809 328 2994 394 AUG.
3043 329 3068 392 l

533 434 797 511 Christo
845 430 1289 502 subeundum
1341 432 1744 502 armabatur
1792 431 2175 521 Apostolus,
2237 443 2302 501 et
2347 430 2433 500 ad
2488 430 2797 520 pericula
2843 431 3082 501 omnia

534 522 1003 614 suscipienda.
1057 537 1200 591 tum
1246 520 1345 589 vel
1397 522 1696 590 maxime
1727 520 1811 590 ad
1864 542 2094 590 sacras
2144 520 2301 590 illas
2335 534 2613 590 catenas
2663 520 3078 602 induendaS,

532 626 598 682 et
640 612 1036 698 iniquorum
1082 611 1443 679 hominum
1477 632 1820 680 carcerem
1860 609 2359 679 habitandum:
2390 608 2693 696 denique
2730 609 2817 679 ad
2852 610 3081 680 crucis

535 701 945 790 martyrium
997 699 1441 769 subeundum
1492 699 1761 768 firmior
1808 720 1887 767 ac
1940 698 2323 789 promptior
2368 697 2652 768 effectus
2699 711 2824 768 est.

620 792 656 876 ξ
709 795 871 861 ⁶18.
925 789 1384 871 Quamobrem
1437 788 1550 858 hic
1601 788 1902 888 gladius,
1958 800 2034 857 ut
2084 809 2191 856 res
2251 787 2589 874 quaedam
2643 788 2963 877 pretiosa,
3018 799 3085 858 et

532 879 816 947 omnino
867 877 1276 958 veneranda,
1343 877 1887 966 Apostolicisque
1951 877 2278 946 manibus
2332 876 2764 956 deserviens,
2818 899 2899 946 ac
2969 899 3086 946 eas

537 980 848 1056 tangenS,
903 966 1139 1035 eodem
1196 968 1451 1036 honore
1505 979 1570 1035 et
1617 965 2076 1046 veneratione,
2129 988 2265 1053 qua
2313 982 2379 1034 et
2424 979 2704 1035 catenae
2772 965 2964 1054 ipsae
3011 967 3082 1035 in

533 1079 605 1124 re
657 1055 748 1125 ali
800 1056 1075 1145 palatio,
1133 1055 1252 1124 ubi
1302 1054 1617 1145 Apostolo
1645 1061 1840 1125 Petro
1881 1077 2154 1125 sacrum
2209 1053 2546 1143 templum
2581 1067 2885 1124 erectum
2936 1068 3078 1134 est,

537 1079 722 1213 velut
768 1158 1079 1215 sacratus
1125 1144 1408 1230 quidam
1459 1158 1525 1213 ot
1572 1144 1886 1214 coelestis
1928 1144 2319 1224 thesaurus,
2362 1143 2438 1211 in
2491 1143 2735 1213 intimo
2785 1143 2932 1212 loco
2983 1165 3086 1212 re-

535 1234 802 1321 positus
848 1247 1182 1313 servatur,
1240 1245 1316 1300 ut
1363 1234 1662 1302 scimus:
1697 1234 1817 1320 qui
1869 1232 2192 1303 fidelibus
2223 1233 2765 1323 Imperatoribus
2811 1245 2876 1301 et
2914 1231 3086 1302 fide-

536 1323 707 1391 lium
744 1323 1043 1392 virorum
1078 1321 1509 1390 multitudini
1542 1322 1628 1391 ad
1659 1322 2088 1393 sanctitatem
2146 1321 2434 1412 proponi
2470 1321 2662 1392 solet.
2717 1320 3084 1391 Coelestem

533 1413 716 1480 enim
755 1412 1044 1499 gratiam
1081 1410 1363 1490 confert,
1421 1412 1767 1481 variarum
1819 1412 2255 1481 curationum
2317 1410 2588 1499 copiam
2640 1410 3078 1500 suppeditat,

535 1501 643 1569 sui
678 1501 976 1570 cultores
1008 1498 1400 1569 salutariter
1432 1500 1755 1581 custodit,
1793 1508 2001 1587 seque
2031 1498 2524 1589 amplectentes
2555 1499 2652 1567 eri
2711 1500 2780 1575 it,
2811 1500 3085 1568 animas

536 1590 844 1678 ipsorum
896 1589 1196 1658 elevans,
1242 1588 1434 1671 Quod
1488 1590 1544 1659 si
1594 1589 1822 1659 brevis
1852 1603 1916 1657 et
1964 1589 2281 1658 informis
2318 1588 2587 1658 videtur
2620 1612 2664 1678 g
2693 1588 2896 1658 adius
2938 1587 3078 1667 ille,

536 1700 671 1746 non
724 1693 826 1749 est
855 1691 1216 1767 propterea
1263 1679 1780 1767 despiciendus.
1834 1677 2290 1767 Apostolicam
2345 1679 2529 1746 enim
2586 1677 3083 1747 miraculorum

534 1768 672 1835 vim
737 1780 802 1836 et
854 1768 1222 1856 potentiam
1274 1788 1509 1837 secum
1560 1769 1886 1837 continet.
1945 1772 2110 1837 Nam
2180 1767 2362 1837 hunc
2411 1766 2796 1854 Apostolu5‚
2851 1780 2925 1835 ut
2967 1787 3088 1854 po-

534 1856 737 1925 tentis
790 1858 902 1934 nu·
950 1856 1281 1924 frameam
1321 1856 1645 1945 possedit,
1703 1870 1769 1926 et
1829 1868 1902 1924 ut
1940 1855 2309 1944 ancipitem
2363 1855 2676 1945 gladium
2738 1855 3082 1942 cognovit.

535 1945 643 2013 Sic
690 1958 755 2012 et
800 1944 975 2013 aliae
1036 1944 1455 2033 Apostolicae
1523 1959 1743 2015 vestes
1818 1957 2023 2031 atque
2082 1944 2534 2024 indumenta,
2604 1944 2900 2013 multum
2962 1943 3089 2012 illa

533 2032 814 2120 quidem
867 2034 1027 2102 vilia
1076 2047 1241 2102 sunt
1287 2047 1493 2120 atque
1540 2035 1843 2124 abjecta:
1899 2034 2015 2104 sed
2054 2034 2112 2103 si
2160 2034 2318 2119 quis
2367 2055 2605 2103 eorum
2656 2033 2971 2102 decorem
3024 2045 3090 2101 et

534 2122 1150 2212 magnificentiam,
1190 2145 1366 2209 quae
1418 2137 1642 2192 mente
1690 2122 2341 2210 comprehenditur,
2399 2123 2795 2211 inspexerit,
2848 2121 3087 2191 divina

533 2223 599 2279 et
632 2210 907 2281 coelesti
956 2212 1175 2301 gratia
1209 2234 1277 2280 re
1335 2213 1463 2281 leta
1510 2235 1682 2291 esse,
1736 2225 1802 2281 et
1849 2212 2255 2300 Apostolicis
2304 2210 2661 2281 miraculis
2714 2210 2931 2279 nihilo
2982 2211 3087 2278 in-

535 2298 782 2369 feriora
814 2301 1134 2369 inveniet.
1174 2306 1255 2369 Se
1337 2301 1616 2391 perinde
1659 2301 1856 2380 valet,
1905 2323 2064 2369 cum
2099 2301 2257 2386 quis
2285 2301 2452 2369 haec
2481 2301 2629 2389 ipsa
2658 2300 3083 2381 recordatur,

533 2411 613 2458 ac
662 2390 718 2457 si
755 2390 1150 2478 Apostolum
1183 2391 1467 2459 invocet.
1502 2396 1639 2479 Ego
1670 2403 1735 2460 et
1766 2410 2115 2459 carcerem
2150 2390 2407 2479 ipsum,
2451 2390 2517 2457 in
2550 2410 2689 2476 quo
2722 2389 3089 2478 Apostolus

534 2478 920 2549 custoditus
969 2491 1092 2558 est,
1147 2480 1335 2548 omni
1377 2480 1739 2569 praeconio
1787 2480 2080 2569 dignum
2117 2500 2383 2558 censeo,
2428 2478 2690 2569 quippe
2736 2478 2860 2565 qui
2892 2478 3087 2549 omni

537 2569 969 2637 veneratione
1022 2568 1268 2658 plenus
1314 2584 1448 2638 est:
1514 2569 1772 2658 dignus
1819 2571 2004 2638 enim
2057 2568 2339 2638 habitus
2398 2568 2560 2648 fuit,
2629 2569 2751 2655 qui
2820 2580 3085 2636 tantum

536 2658 916 2732 sanctitatis
957 2657 1392 2728 domicilium
1442 2659 1624 2727 intra
1672 2681 1744 2727 se
1791 2659 2151 2746 acciperet.
2192 2662 2330 2746 Ego
2379 2670 2444 2726 et
2492 2656 2716 2727 solum
2770 2655 2969 2735 illud,
3010 2656 3083 2724 in

535 2767 673 2831 quo
720 2746 1075 2826 decubuit,
1120 2760 1185 2815 et
1234 2747 1504 2816 vinctus
1551 2747 1899 2828 dormivit,
1956 2747 2315 2816 sanctitate
2372 2746 2701 2816 decorum
2742 2744 3085 2819 existimo,

535 2849 602 2903 et
648 2836 1033 2924 Apostolica
1082 2836 1303 2925 gratia
1362 2836 1712 2904 refertum.

624 2924 661 3009 ξ
714 2928 857 2994 22.
913 2923 1037 2992 Sed
1091 2923 1360 2993 dubitat
1414 2923 1695 3011 aliquis,
1753 2944 1916 2991 num
1972 2924 2141 2994 haec
2190 2925 2284 2994 ita
2345 2946 2416 2994 se
2464 2924 2804 2993 habeant:
2869 2943 3094 3010 neque

537 3011 706 3081 haec
734 3012 925 3081 *tanti
957 3034 1105 3081 esse
1153 3012 1391 3092 credit,
1449 3027 1523 3083 ut
1570 3012 1861 3104 gratiam
1928 3012 2120 3083 illam
2149 3069 2164 3092 ‚
2218 3013 2515 3100 quae-in
2564 3011 2882 3102 Apostolo
2931 3011 3085 3092 fuit,

538 3100 1041 3200 participarint.
1072 3101 1484 3171 Persuadeat
1520 3101 1682 3172 huic
1714 3103 1965 3171 umbra
1993 3104 2167 3193 ipsa,
2205 3116 2271 3171 et
2306 3101 2757 3172 semicinctia:
2793 3122 3091 3188 quorum

540 3189 659 3257 illa
697 3189 976 3275 quidem
1029 3213 1109 3258 ex
1149 3191 1459 3281 corporis
1519 3191 1954 3280 oppositione
2002 3192 2088 3260 ad
2141 3191 2318 3262 solis
2370 3190 2592 3260 lucem
2662 3189 3089 3279 composita,

536 3290 602 3346 et
649 3279 738 3347 ab
786 3278 1263 3368 Apostolorum
1318 3281 1659 3368 Principis
1708 3292 1895 3350 tactu
1942 3280 2053 3350 lon
2111 3303 2148 3350 e
2203 3281 2508 3350 distans:
2565 3280 2732 3350 haec
2780 3289 3011 3347 autem
3053 3299 3096 3346 a

536 3366 731 3435 Pauli
773 3390 1058 3456 corpore
1112 3366 1360 3448 delata,
1400 3381 1465 3437 et
1516 3369 1820 3438 divinam
1894 3391 1974 3438 ex
2035 3371 2054 3438 i
2116 3393 2155 3439 o
2204 3369 2494 3459 gratiam
2548 3367 3041 3459 participantia
3073 3421 3088 3447 ,

538 3456 687 3544 pari
736 3469 802 3524 et
845 3457 1340 3526 miraculorum
1390 3457 1715 3528 effectrici
1768 3459 2069 3549 potentia
2118 3459 2377 3550 repleta
2417 3457 2736 3546 sunt(a):
2766 3456 3094 3543 quodque

537 3543 1024 3614 admirabilius
1063 3560 1209 3626 est,
1271 3569 1388 3636 per
1435 3549 1814 3618 secundam
1871 3548 2421 3638 participationis
2481 3546 3087 3625 consecutionem,

537 3646 604 3702 et
629 3634 1008 3722 gratiarum
1050 3635 1592 3717 translationem,
1627 3638 1760 3707 sibi
1800 3636 2341 3708 adhaerentibus
2367 3635 2742 3727 impartita,
2776 3633 3094 3704 eamdem

543 3723 1042 3793 miraculorum
1086 3726 1482 3814 potentiam,
1535 3739 1601 3796 et
1649 3726 1871 3795 nihilo
1913 3727 2249 3796 minorem
2286 3726 2566 3796 abunde
2613 3723 3089 3814 suppeditant.

541 3812 1130 3883 Considerandum
1166 3814 1374 3904 igitur
1418 3828 1557 3885 est:
1600 3816 1669 3885 Si
1717 3815 1977 3901 quibus
2009 3816 2230 3904 gratia
2277 3815 2626 3905 impertita
2649 3828 2775 3894 est,
2828 3835 2905 3882 ea
2935 3811 3099 3882 talia

538 3913 735 3971 sunt:
789 3901 1182 3990 qualisnam
1236 3904 1294 3972 is
1341 3916 1463 3985 est,
1517 3904 1640 3990 qui
1682 3905 1815 3973 vim
1853 3903 2045 3973 illam
2099 3904 2523 3994 impertivit?
2571 3907 2658 3972 Ac
2708 3903 2768 3972 si
2817 3901 3098 3991 partici-

542 4004 785 4089 pantes
835 4013 965 4075 reS,
1020 3990 1261 4061 talium
1308 3992 1804 4062 miraculorum
1843 3994 2135 4083 gratiam
2174 3992 2545 4083 praebent:
2584 4004 2921 4077 quantum
2954 3990 3099 4059 exi-

542 4091 822 4149 stimare
869 4094 1133 4170 oportet
1178 4103 1337 4152 eum
1368 4103 1539 4164 esse,
1575 4103 1777 4168 aquo
1829 4083 1996 4152 haec
2027 4082 2374 4173 impertita
2406 4083 2616 4152 sunt'?
2663 4080 2883 4171 Majus
2908 4079 3099 4149 enim
3156 4108 3160 4111 >

595 4261 653 4306 (a)
684 4260 800 4319 Sane
820 4259 1010 4321 quidem
1040 4274 1135 4304 non
1153 4261 1345 4304 videtur
1363 4264 1450 4303 hoe
1468 4273 1633 4303 vacare
1654 4237 1894 4313 myst'erio,
1912 4265 2036 4314 quod
2065 4265 2123 4304 de
2142 4259 2268 4304 Petri
2292 4263 2478 4302 tontum
2506 4258 2701 4306 catenis,
2719 4264 2816 4302 tam
2839 4258 2888 4300 in
2907 4257 3099 4300 Oriente

542 4323 682 4361 quam
702 4324 749 4352 in
780 4315 1028 4356 Occidente
1049 4319 1214 4366 agatur
1234 4318 1524 4363 solemnitas,
1558 4328 1652 4356 non
1694 4320 1852 4357 autem
1881 4320 1938 4358 de
1968 4315 2172 4358 vinculis
2202 4314 2404 4364 alicujus
2434 4312 2632 4356 alterius
2661 4314 3017 4373 Apostolorum3
3045 4316 3102 4353 ut

544 4369 683 4426 cujus
711 4371 784 4408 est
804 4365 853 4407 in
882 4367 1085 4419 ligandis
1114 4376 1252 4420 atque
1272 4372 1510 4412 solvendis
1531 4368 1699 4411 alienis
1718 4369 1921 4413 vinculis
1951 4375 2161 4420 potestas
2190 4368 2444 4419 praecipu·
2477 4367 2527 4409 iu
2564 4367 2791 4412 Ecclesia.
2821 4369 2927 4427 ejus
2955 4369 3100 4407 etiam

543 4421 734 4461 vincula
752 4432 778 4460 a
798 4422 982 4463 cunctis
1000 4422 1242 4464 Fidelibus
1258 4423 1307 4464 in
1326 4426 1503 4466 honore
1524 4425 1825 4466 haberentur.
1845 4427 2088 4474 (Bar-onius
2104 4427 2146 4465 in
2164 4421 2326 4475 Notis).
2361 4420 2669 4465 vinculorum
2687 4423 2731 4463 S.
2753 4424 2879 4463 Petri
2901 4421 3099 4463 Festum

543 4474 784 4517 celebrate
803 4480 1156 4519 consueverunt
1176 4476 1342 4520 Graeci
1364 4476 1442 4520 die
1470 4489 1547 4520 xvi
1570 4480 1676 4519 σου.
