3308 5004
181 352 329 421 Ano.
364 353 399 419 t
1106 370 1186 417 ns
1232 369 1290 418 s.
1341 367 1645 419 commeo
2208 309 2221 320 ·
2428 356 2556 423 ⁴07

243 460 397 526 Lmn
433 458 484 524 Ι.
533 455 573 542 ᾖ
614 459 694 527 1.
747 457 824 525 In
875 453 1154 524 nomine
1193 452 1414 523 Patris
1444 466 1512 523 et
1551 452 1700 523 Filii
1752 465 1819 524 et
1867 455 2169 546 Spiritus
2215 459 2470 542 Sancti,
2516 465 2644 532 Do-

173 543 411 615 minicus
451 541 740 613 humilis
786 564 1024 613 servus
1052 542 1215 614 Jesu
1254 541 1546 623 Christi,
1597 563 1671 616 se
1723 558 2002 634 regatus
2059 546 2130 616 in
2192 549 2642 640 Evangelium

168 632 276 712 Dei,
316 631 519 702 sobrie
562 643 631 702 et
651 632 842 723 juste
885 644 952 700 et
998 631 1108 722 pie
1145 644 1616 713 conversatus,
1722 632 1928 724 ignus
1979 633 2203 707 factus
2256 637 2327 708 in
2380 650 2640 724 partem

173 720 325 791 sortis
348 733 728 791 sanctorum
780 720 849 790 in
883 719 1172 802 lumine,
1210 740 1365 791 vere
1401 734 1505 791 est
1554 720 1674 791 lux
1722 721 1993 793 mundi.
2044 724 2177 808 Qui
2208 726 2394 798 velut
2447 725 2644 801 stella

172 809 440 880 matutina
465 809 535 880 in
587 808 815 879 medio
861 809 1157 879 nebulae
1202 831 1537 880 coruscus
1584 831 1952 900 apparens,
1997 811 2451 897 innocentiae,
2507 839 2633 907 pu-

174 896 400 980 dicitiae,
449 897 922 979 verecundiae,
981 897 1584 988 simplicitatisque
1619 899 1833 971 radiis
1880 922 2123 974 omnes
2154 925 2193 972 a
2234 926 2307 975 se
2355 905 2643 996 puerilis

171 985 447 1070 stultitiae,
499 986 920 1063 lascivientis
997 986 1539 1068 adolescentiae,
1606 987 1981 1077 petulantis
2044 994 2644 1083 concupiscentiae

170 1075 415 1146 tenebras
458 1074 766 1166 depulit:
818 1075 1211 1163 studiisque
1259 1076 1662 1166 sapientiae,
1713 1078 2040 1169 operibus
2087 1080 2638 1165 misericordiae,

162 1175 207 1230 et
238 1163 577 1234 canonicae
622 1163 980 1256 religionis
1075 1164 1462 1245 erfectione,
1516 1178 1593 1235 ut
1628 1165 1747 1237 lux
1795 1166 2171 1258 splendens
2220 1170 2635 1260 procedens,

162 1251 324 1321 instar
364 1252 561 1323 lunae
610 1252 852 1343 plenae
899 1253 969 1323 in
1064 1254 1262 1323 iebus
1332 1254 1480 1324 suis
1525 1267 1592 1323 et
1640 1276 1711 1327 se
1747 1267 1814 1326 et
1872 1256 2219 1348 proximos
2258 1282 2421 1331 suos
2475 1259 2640 1330 illu-

158 1341 370 1411 sti-avit:
416 1355 480 1412 et
527 1354 880 1429 tamquam
934 1342 1044 1413 Sol
1093 1342 1357 1424 orienS,
1410 1354 1616 1429 atque
1677 1343 1758 1414 ad
1814 1344 2189 1436 perfectum
2241 1369 2642 1419 excrescens

157 1427 312 1512 diem,
348 1429 425 1500 ad
476 1430 862 1502 celsissima
909 1431 1023 1501 Dei
1073 1432 1254 1501 dona
1302 1431 1858 1504 Praedicatorum
1921 1434 2247 1506 Ordinem
2310 1437 2633 1528 provexit.

155 1517 245 1599 Qui
272 1519 550 1590 rutilans
584 1520 652 1589 in
716 1520 965 1591 virtute
1014 1542 1164 1600 sua,
1232 1543 1353 1622 per
1399 1521 1634 1591 omnia
1691 1524 2060 1613 prospexit,
2113 1546 2331 1616 opaca
2378 1526 2642 1596 illumi-

151 1627 300 1688 nans,
329 1609 581 1679 sterilia
607 1607 1055 1689 foecundam,
1090 1609 1343 1700 frigida
1375 1609 1810 1692 calefaciens,
1856 1625 1924 1682 et
1962 1612 2193 1703 tepida
2227 1615 2636 1696 accendens,

149 1715 289 1766 nunc
328 1720 363 1767 a
397 1697 709 1768 claritate
754 1698 823 1767 in
873 1698 1254 1768 claritatem
1308 1698 1848 1789 transfiguratus
1889 1723 1930 1770 a
1988 1702 2241 1793 spiritu
2286 1704 2434 1782 Dei,
2473 1703 2639 1805 ⁴glo·-

147 1784 318 1856 riosus
361 1785 676 1876 splendet
706 1785 773 1856 in
814 1788 1057 1877 patria,
1100 1786 1222 1875 qui
1256 1787 1324 1857 in
1378 1787 1507 1858 hac
1537 1788 2088 1878 peregrinatione
2128 1792 2639 1866 admirabiliter

147 1870 358 1944 refulsit
385 1876 455 1945 in
491 1876 737 1967 gratia,
792 1897 953 1946 cum
1010 1878 1204 1965 prius
1250 1876 1610 1947 humiliter
1654 1877 1805 1978 ipso
1846 1900 2014 1949 suae
2062 1882 2437 1952 nativitatis
2483 1894 2641 1952 ortu

141 1959 390 2034 fulsisset
438 1965 505 2034 in
561 1965 684 2037 His
737 1966 920 2034 ania.
974 1971 1295 2055 TempuS,
1341 1987 1479 2052 quo
1520 1965 1734 2036 voluit
1771 1967 2102 2039 Dominus
2132 1969 2343 2057 hujus
2392 1969 2638 2040 claris—

140 2050 257 2120 simi
299 2052 540 2124 sideris
588 2077 663 2124 ra
718 2053 820 2124 ios
865 2055 936 2123 in
988 2054 1307 2125 homines
1353 2054 1694 2135 diffundi,
1749 2057 2102 2143 sequentia
2154 2058 2632 2130 declarabunt.

142 2141 521 2213 Praesidente
557 2147 813 2212 Romae
862 2143 928 2211 in
979 2142 1305 2214 cathedra
1357 2143 1576 2214 sancti
1612 2144 1782 2214 Petri
1818 2144 2196 2217 Alexandro
2237 2153 2356 2228 111,
2394 2162 2460 2218 et
2493 2147 2640 2218 Fri-

135 2224 317 2299 derico
360 2235 805 2322 Imperatore,
859 2232 1076 2320 hujus
1125 2232 1429 2303 nominis
1482 2233 1727 2321 primo,
1785 2234 2068 2324 Imperii
2122 2234 2428 2308 habenas
2493 2258 2639 2307 mo-

133 2313 384 2399 derante,
436 2320 507 2389 in
542 2320 918 2410 Hispaniae
948 2321 1202 2412 oppido
1234 2320 1586 2413 Callaroga
1617 2323 2023 2393 Oconiensis
2055 2324 2414 2407 dioecesis,
2451 2347 2637 2397 anno

134 2406 476 2478 Dominicae
527 2409 1027 2479 incarnationis
1081 2409 1450 2480 millesimo
1487 2410 1863 2480 centesimo
1911 2415 2462 2505 septuagesimO,
2508 2414 2640 2486 fuit

133 2492 205 2562 vir
237 2497 542 2584 quidam,
599 2498 778 2569 Felix
820 2498 1359 2587 nomine*,.qui
1401 2499 1536 2570 sibi
1588 2500 2030 2572 matrimonio
2068 2501 2305 2593 junxit
2353 2526 2634 2574 uxorem

132 2580 448 2656 Joannam.
505 2593 716 2658 Erant
762 2588 809 2657 ii
861 2601 1007 2657 tum
1069 2588 1458 2659 secundum
1508 2584 1725 2660 seculi
1774 2590 2240 2662 conditionem
2293 2593 2462 2663 satis
2513 2592 2637 2662 ho—

134 2672 302 2756 nesti,
352 2689 503 2746 tum
556 2698 721 2778 erga
788 2681 1000 2747 Deum
1061 2677 1445 2748 Christiana
1517 2678 1766 2768 pietate
1842 2674 2091 2750 devoti.
2167 2685 2640 2753 Antevertente

132 2773 305 2831 autem
376 2764 541 2835 illos
600 2764 874 2835 divinae
928 2765 1467 2856 dispensationis
1536 2766 2008 2856 benignitate,
2081 2768 2633 2841 benedictionem

130 2849 432 2949 coelestem
486 2855 563 2923 in
618 2853 830 2944 prolis
863 2855 1341 2925 sanctissimae
1371 2854 1833 2925 foecunditate
1866 2856 2094 2950 adepti
2137 2872 2326 2929 sunt.
2371 2860 2640 2948 Peperit

132 2955 264 3032 emm
306 2942 578 3012 Joanna
627 2943 874 3013 marito
920 2966 1046 3015 suo
1099 2943 1275 3014 duos
1329 2943 1532 3023 filios,
1588 2946 1710 3032 qui
1771 2945 1989 3017 literis
2036 2948 2311 3030 imbuti,
2357 2960 2422 3018 et
2461 2948 2638 3017 vitae

133 3044 177 3091 ln
303 3030 461 3101 itate
509 3053 684 3101 cons
739 3033 903 3111 icui,
939 3032 1318 3103 sacerdotio
1358 3033 1612 3103 initiati
1646 3047 1832 3103 sunt.
1870 3034 2052 3105 Alter
2082 3058 2162 3107 ex
2193 3037 2278 3107 iis
2313 3036 2382 3107 in
2430 3037 2637 3106 domo

133 3133 229 3211 qua
268 3140 371 3190 am
412 3120 696 3210 hospita
730 3121 749 3191 i
803 3121 1184 3191 ministerio
1264 3144 1606 3213 superum
1648 3145 1723 3192 se
1756 3124 2187 3213 mancipem,
2243 3125 2467 3217 gratia
2501 3126 2635 3196 hu-

134 3204 404 3290 militatis,
443 3209 783 3300 operibus
835 3144 1371 3292 misericordiae,
1424 3210 1720 3298 aliisque
1769 3211 2139 3283 virtutibus
2189 3214 2258 3283 in
2320 3214 2454 3285 vita
2506 3236 2636 3285 sua

134 3288 303 3365 clarus
335 3296 491 3378 fuit,
546 3311 617 3368 et
662 3311 740 3369 ut
787 3297 1025 3380 fertur,
1082 3314 1234 3390 post
1269 3300 1535 3371 obitum
1589 3301 1950 3371 miraculis
1981 3304 2391 3373 coruscavit.
2457 3303 2637 3373 Alter

138 3395 241 3452 vero
280 3387 545 3458 mundo
598 3386 1029 3469 valefaciens,
1083 3389 1291 3459 vitam
1328 3389 1784 3459 monasticam
1824 3390 2230 3482 complexus
2276 3405 2400 3472 est,
2454 3405 2521 3462 et
2564 3392 2635 3462 in

137 3486 182 3533 en
226 3473 424 3545 multo
475 3490 789 3577 tempore
852 3478 1137 3548 Domino
1187 3477 1630 3549 laudabiliter
1678 3480 2005 3559 serviens,
2063 3480 2164 3549 vir
2233 3495 2518 3553 sanctus
2566 3494 2633 3550 et

142 3564 779 3654 contemptatiombus
833 3565 1089 3636 divinis
1135 3566 1437 3648 deditus,
1491 3567 1690 3638 beato
1751 3567 1891 3637 fine
1934 3568 2218 3655 quievit.
2284 3569 2631 3639 Nimirum

143 3645 252 3744 bles
295 3651 563 3726 fructus
614 3653 966 3745 progignit
1013 3668 1191 3726 terra
1264 3656 1480 3726 bona:
1532 3678 1834 3743 quorum
1897 3657 2115 3739 alter,
2168 3657 2337 3729 dum
2409 3671 2514 3728 est
2562 3659 2633 3728 in

150 3740 593 3813 ¹ntsericordiae
631 3744 863 3814 studia
908 3743 1240 3825 intentus,
1294 3745 1516 3835 gratia
1552 3744 1840 3815 redolet:
1884 3745 2078 3829 alter,
2123 3746 2292 3817 dum
2333 3747 2634 3817 veritatis

149 3828 529 3906 speculationi
572 3831 895 3902 addictus
924 3846 1049 3913 est,
1096 3846 1444 3904 aeternam
1497 3833 1994 3904 beatitudinem
2050 3848 2468 3925 praegustat.

201 3914 328 3998 §2
361 3921 632 4011 Adiecit
655 3934 886 3991 autem
915 3921 1146 3991 adhuc
1178 3923 1513 3993 Dominus
1546 3921 2049 3994 benedictionis
2081 3945 2249 3994 suae
2279 3922 2628 3994 cumulos.

157 3994 377 4093 lhmque
423 4008 872 4080 sublimioris
903 4012 1164 4101 gratiae
1198 4011 1417 4081 filium
1456 4012 1767 4102 paritura
1798 4025 2040 4093 mater,
2070 4025 2438 4112 antequam
2470 4033 2638 4081 con—

158 4100 348 4176 operer,
398 4099 686 4170 coelesti
729 4098 987 4169 visione
1015 4100 1213 4170 docta
1246 4114 1348 4170 est
1379 4099 1464 4170 de
1498 4115 1696 4190 partu
1727 4099 1983 4171 futuro.
2020 4100 2199 4170 Vidn
2231 4122 2531 4187 namque
2559 4120 2633 4172 se

162 4186 579 4276 “magestate
636 4187 993 4267 catulum,
1056 4188 1408 4259 ardentem
1453 4212 1569 4259 ore
1624 4188 1927 4259 faculam
1981 4188 2344 4270 ferentem3
2404 4211 2633 4280 egres-

165 4275 367 4357 Qfflquc
423 4289 651 4348 totum
703 4276 1046 4348 mundum
1113 4278 1417 4349 flammis
1473 4279 1562 4349 ab
1621 4279 1776 4368 ejus
1839 4299 1955 4348 ore
2015 4280 2631 4369 prorumpentibus

168 4343 620 4436 llluminantem.
696 4364 995 4435 Tandem
1053 4365 1277 4436 filiurn
1323 4368 1629 4457 peperit,
1687 4364 1975 4437 fratrum
2034 4366 2247 4438 decus
2305 4380 2373 4438 et
2426 4367 2631 4438 matri

199 4473 216 4498 ⁸
232 4480 341 4537 stirpe
353 4494 691 4534 cumanorum
718 4491 921 4535 illustri.
