3308 5004
127 312 330 392 ΜΘ,
372 313 472 390 20,
832 331 911 380 na
959 330 1017 382 s.
1071 329 1408 380 aaanAnno
1454 329 1600 384 aaa.
1651 327 2036 384 chamum..
2482 315 2598 380 ὅθι

130 411 397 486 Christo
444 409 519 479 in
572 408 772 479 terris
815 408 1163 510 praesenti
1218 408 1568 501 propriam
1626 408 1879 480 faceret
1933 409 2391 481 mansionem.
2451 410 2579 480 Sed
2630 423 2705 484 et

127 500 260 574 hoc
309 499 380 569 in
430 496 721 568 arbitrio
769 498 895 568 viri
949 499 1061 568 Dei
1111 499 1364 589 posuit,
1424 510 1504 570 ut
1561 499 2128 587 quibuscumque
2183 500 2571 591 egentibuS‚
2619 522 2701 571 eo

136 587 539 666 mandante,
584 586 672 656 ad
721 606 902 676 opus
935 587 1409 678 Dei‘sumptus
1450 587 1833 679 praeberet.

220 679 259 767 ξ
307 683 467 750 46.
517 676 772 746 Videns
818 696 983 766 ergo
1013 675 1238 766 Abbas
1277 689 1678 778 promptum
1716 675 2055 767 principis
2095 676 2435 759 animum,
2475 678 2696 769 pieta-

132 779 274 838 tem
326 764 571 856 pietate
617 765 956 846 accendit,
1010 777 1076 836 et
1124 787 1424 836 maxime
1478 765 1759 853 quidem
1818 764 2218 835 domesticis
2267 764 2429 836 fidei
2478 766 2698 844 voluit

129 876 286 927 esse
333 877 490 925 eum
541 853 943 935 obnoxium,
996 864 1064 924 et
1107 854 1531 930 immortalia
1580 854 1842 946 templa
1878 853 2174 928 fundare
2213 854 2593 937 consuluit,
2630 867 2697 926 et

130 942 610 1032 eleemosynas
648 964 730 1012 ea
769 942 1141 1033 sagacitate
1173 942 1571 1033 disponere,
1605 957 1991 1035 utsempcr
2023 942 2545 1027 fructificanteS,
2590 966 2698 1015 re-

130 1027 381 1102 divivis
426 1044 493 1104 et
540 1031 1065 1103 renascentibus
1104 1031 1623 1102 accessionibus
1666 1053 1879 1104 novas
1915 1054 2191 1122 semper
2218 1031 2701 1123 eleemosynas

131 1121 579 1213 parturirent.
620 1120 875 1191 Deinde
902 1120 1163 1211 egeniS,
1202 1142 1379 1209 quos
1409 1121 1539 1191 hac
1567 1131 1777 1209 atque
1809 1121 1992 1202 illac,
2018 1121 2221 1208 quasi
2242 1143 2487 1212 vespae
2509 1145 2692 1212 pun-

129 1222 392 1302 gentes,
440 1210 705 1280 stimuli
742 1209 1170 1301 paupertatis
1193 1210 1566 1300 exagitant,
1610 1209 2035 1282 omnimodis
2074 1210 2313 1282 docuit
2346 1211 2689 1282 misereri:

129 1300 289 1369 aliis
335 1298 774 1380 indumenta,
828 1298 987 1369 aliis
1032 1298 1357 1368 alimenta
1410 1298 1650 1390 largiri
1708 1299 2018 1370 monuit:
2072 1313 2138 1370 et
2195 1321 2328 1389 sug
2377 1299 2568 1381 essit,
2620 1312 2698 1370 ut

132 1410 255 1479 per
283 1388 592 1479 seipsum
627 1387 1066 1460 Xenodochia
1099 1387 1424 1471 visitaret,
1465 1409 1592 1457 nec
1620 1388 1927 1458 horreret
1951 1388 2324 1479 adspectus
2380 1410 2696 1480 anguen-

130 1476 342 1548 tium:
395 1477 561 1564 quia
609 1477 680 1546 in
733 1476 861 1546 hoc
908 1476 1389 1567 duplicaretur
1435 1476 1842 1548 clementiae
1891 1476 2180 1559 bonum,
2234 1478 2295 1550 si
2330 1477 2589 1548 videret
2630 1488 2695 1548 et

128 1565 407 1645 foveret,
462 1566 518 1634 si
571 1564 1047 1636 consolaretur
1084 1578 1150 1638 et
1182 1566 1512 1636 reficeret.
1554 1567 1941 1637 Humiliare
1978 1588 2363 1657 pauperum
2407 1589 2495 1658 op
2552 1589 2697 1637 res—

129 1675 344 1734 sores,
398 1653 765 1726 defendere
816 1654 1161 1745 pupillum
1210 1669 1277 1725 et
1324 1655 1653 1737 viduam,
1724 1655 2037 1730 misereri
2091 1668 2158 1725 et
2207 1677 2480 1726 commo
2534 1678 2689 1738 are,

130 1765 488 1814 sermones
534 1765 702 1813 suos
750 1743 820 1811 in
860 1742 1133 1833 judicio
1179 1742 1586 1835 disponere,
1646 1742 2006 1835 providere
2051 1745 2265 1845 quieti
2324 1745 2691 1826 Ecclesiae,

132 1831 469 1902 rationem
519 1831 733 1923 gladii
784 1830 1190 1932 intelligere,
1246 1834 1446 1920 quasi
1493 1832 2019 1910 elementa-rium
2081 1834 2428 1907 instruxit,
2502 1856 2699 1908 sum-

132 1942 318 1990 mam
370 1920 783 2012 principalis
828 1920 1034 1991 officit
1086 1921 1149 1991 ei
1196 1920 1556 2002 intimans,
1603 1933 1671 1992 et
1718 1921 1850 1993 hoc
1877 1922 2147 2010 exquiri
2178 1945 2219 1991 a
2253 1922 2572 2012 principe
2611 1944 2693 1992 ex

131 2008 388 2090 debito,
441 2021 519 2078 ut
566 2009 756 2079 laudi
805 2010 1149 2080 bonorum
1199 2022 1264 2080 et
1311 2009 1656 2080 vindictae
1712 2010 2055 2081 malorum
2115 2011 2450 2081 intendat.
2515 2017 2696 2081 Haec

131 2109 199 2169 et
246 2097 382 2167 alia
433 2097 839 2189 hujusmodi
887 2098 1197 2169 salubria
1249 2100 1509 2170 monita
1559 2099 1765 2169 homo
1822 2099 2257 2171 rationabilis
2308 2113 2697 2171 reverenter

132 2186 509 2276 accipiens,
564 2186 803 2260 luxum
852 2188 1088 2258 curiae
1134 2199 1200 2256 et
1246 2187 1500 2265 fastum
1554 2188 1948 2266 altitudinis
1996 2189 2067 2259 iu
2115 2188 2579 2259 humilitatem
2632 2201 2700 2259 et

133 2275 558 2346 honestatem
611 2277 1025 2346 convertit...
1079 2276 1362 2347 Nullum
1401 2277 1550 2367 jam
1601 2277 1672 2346 in
1731 2278 2064 2348 comitatu
2119 2276 2240 2346 illo
2289 2277 2698 2347 clementiae

130 2385 313 2455 opus
360 2363 628 2435 deerat:
680 2365 763 2436 ad
818 2377 1090 2455 portum
1142 2365 1340 2435 illum
1397 2364 1716 2457 naufragi
1761 2387 2011 2442 omnes
2058 2378 2281 2443 tutum
2345 2365 2699 2437 habebant

132 2451 509 2544 refugium.
565 2454 1019 2545 Temporibus
1066 2452 1273 2525 famis
1322 2476 1458 2526 non
1509 2455 1691 2526 sicut
1738 2456 2002 2525 Pharao
2042 2454 2391 2525 frumenta
2427 2458 2698 2524 venun-

132 2542 322 2613 dedit
369 2544 629 2634 populo
660 2597 675 2624 ,
731 2564 857 2613 nec
903 2544 972 2612 in
1026 2544 1420 2614 servitutem
1469 2544 1603 2615 sibi
1669 2543 1969 2635 erogatis
2032 2545 2333 2615 annonis
2400 2544 2698 2634 subjecit

131 2635 550 2722 Aegyptum:
605 2631 720 2701 sed
757 2632 1010 2702 Abbate
1040 2645 1301 2715 sancto,
1336 2634 1537 2720 quasi
1570 2632 1786 2703 altero
1825 2633 2107 2724 Joseph,
2147 2633 2488 2702 diviniore
2522 2654 2696 2703 usus

132 2721 557 2802 consiliario,
610 2721 827 2813 gratis
870 2722 1108 2811 egenis
1154 2724 1426 2812 aperuit
1473 2721 1743 2803 horrea,
1804 2743 1931 2792 nec
1982 2722 2300 2792 exhausit
2349 2721 2694 2812 populum

263 2811 454 2887 unia,
496 2831 620 2879 nec
653 2822 807 2880 astu
838 2809 1292 2882 circumvenit
1329 2810 1639 2892 afflictos,
1682 2833 1807 2881 nec
1835 2832 1905 2882 re
1942 2810 2219 2900 publica
2251 2810 2332 2880 ad
2369 2833 2442 2880 se
2471 2822 2697 2880 trans-

160 2908 314 2978 ata,
373 2898 674 2990 privatos
722 2899 790 2967 in
844 2911 1023 2968 terra
1070 2898 1454 2969 cumulavit
1503 2900 1897 2971 thesauros:
1951 2899 2067 2969 sed
2121 2899 2189 2968 in
2241 2898 2431 2969 coelo
2466 2899 2697 2991 potius

132 2985 614 3057 thesaurizans
644 2986 1097 3079 infatigabilis
1135 2988 1567 3070 distributor,
1605 3010 1767 3059 cum
1805 3009 2056 3081 magna
2088 2988 2442 3058 alacritate
2479 3001 2547 3058 et
2572 3010 2695 3079 pe-

130 3077 385 3146 cunias
414 3074 792 3153 distribuit,
836 3088 902 3146 et
939 3097 1279 3146 annonas.
2046 3092 2061 3121 ⁸

221 3171 260 3246 ἓ
310 3168 451 3237 42.
505 3169 638 3235 Nec
685 3163 903 3235 defuit
948 3166 1095 3234 viro
1143 3165 1443 3236 inhianti
1490 3166 1927 3248 coelestibus,
1983 3166 2219 3257 magni
2256 3165 2589 3256 ponderis
2629 3178 2696 3236 et

129 3251 476 3323 horrenda
526 3254 841 3323 tentatio:
894 3253 1012 3326 sed
1060 3275 1431 3345 aggressus
1468 3266 1572 3325 est
1609 3276 1769 3325 eum
1806 3267 1944 3325 tam
1978 3259 2138 3336 Rex,
2177 3276 2387 3342 quam
2429 3255 2695 3346 princi-

128 3362 275 3432 peS,
327 3353 394 3411 et
440 3353 776 3413 commota
823 3356 925 3413 est
971 3354 1036 3412 et
1083 3344 1497 3415 contremuit
1543 3356 1745 3422 terra,
1801 3356 1866 3414 et
1908 3344 2108 3431 quasi
2159 3344 2378 3415 iratus
2419 3355 2599 3415 esset
2631 3344 2695 3414 ei

133 3434 336 3511 Deus,
391 3431 659 3523 rapinis
691 3445 756 3502 et
789 3431 1134 3501 incendiis
1163 3431 1304 3502 fere
1342 3432 1571 3502 omnia
1606 3431 1694 3503 ad
1726 3454 1884 3507 eum
1923 3433 2340 3522 pertinentia
2377 3431 2697 3524 depopu-

128 3517 467 3591 latoribus
514 3521 821 3611 exposita
866 3532 1085 3602 erant,
1136 3534 1203 3591 et
1248 3521 1520 3611 operuit
1551 3519 1797 3592 faciem
1837 3535 2053 3592 terrae
2086 3521 2292 3613 Regis
2321 3522 2689 3602 exercitus,

125 3620 195 3678 et
235 3609 494 3698 passim
529 3610 764 3679 omnia
799 3610 1179 3680 vastabant.
1217 3615 1348 3681 Nec
1384 3622 1531 3681 erat
1559 3610 1622 3681 ei
1653 3622 1884 3682 tutum
1917 3611 2233 3682 resistere
2275 3611 2377 3681 vel
2413 3611 2696 3681 obviare

127 3697 728 3787 persecutoribus:
779 3698 945 3785 quia
989 3711 1055 3767 ct
1091 3698 1202 3769 sui
1240 3698 1697 3771 deseruerunt
1723 3720 1911 3780 eum,
1956 3699 2314 3771 manifeste
2356 3698 2696 3770 infestan-

126 3796 263 3855 tes:
315 3798 384 3856 et
427 3787 547 3874 qui
599 3797 1095 3868 remanserant,
1151 3787 1219 3856 in
1269 3788 1572 3868 insidiis,
1627 3809 1766 3859 non
1816 3787 1903 3856 ad
1953 3789 2295 3870 subsidia,
2348 3801 2568 3868 erant,
2624 3799 2692 3856 et

127 3887 327 3945 erant
371 3874 685 3963 undique
731 3874 1094 3966 angustiae
1142 3895 1420 3967 graves:
1471 3877 1640 3966 quia
1692 3897 1816 3945 nec
1848 3875 2036 3946 domi
2079 3876 2213 3947 sibi
2247 3897 2508 3955 cavere,
2563 3896 2692 3945 nec

129 3974 321 4031 extra
367 3977 629 4052 poterat
673 3984 983 4054 congrua
1029 3965 1411 4065 providere,
1463 3966 1586 4055 qui
1625 3965 1935 4043 omnino,
1979 3966 2102 4052 qui
2137 3966 2250 4035 sui
2278 3975 2531 4045 essent,
2574 3984 2694 4033 ne-

132 4049 374 4120 sciret:
410 4064 475 4123 et
510 4065 646 4123 tam
683 4052 769 4123 de
797 4052 1089 4143 perfid1a
1121 4052 1546 4146 refugarum,
1583 4074 1794 4145 quam
1825 4052 1911 4123 de
1936 4052 2342 4145 duplicitate
2370 4074 2685 4134 suorum,

131 4158 421 4230 prorsus
466 4140 830 4212 diffideret.
881 4146 1068 4213 Inter
1114 4143 1240 4213 has
1286 4143 1646 4234 angustias
1694 4163 2069 4213 conversus
2124 4141 2210 4212 ad
2261 4141 2633 4212 Dominum
2672 4196 2688 4222 ,

129 4227 219 4301 de
268 4228 454 4299 coelo
500 4231 838 4320 quaesivit
885 4231 1266 4302 auxilium:
1320 4244 1385 4302 et
1432 4234 1649 4304 acelto
1704 4231 1848 4300 viro
1901 4230 2059 4313 Dei,
2121 4229 2331 4321 cujus
2396 4229 2694 4302 consilio

130 4317 440 4399 maxime
482 4319 827 4402 utebatur,
871 4342 1007 4391 non
1039 4321 1421 4412 desperans
1449 4319 1534 4395 de
1571 4319 2044 4393 misericordia
2078 4319 2219 4402 Dei,
2258 4319 2390 4390 hoc
2427 4341 2509 4390 ex
2539 4319 2696 4410 ejus
