3308 5004
100 397 293 462 ΑΗΕ.
348 395 436 460 20
733 455 736 458 .
796 413 873 457 na
922 412 975 459 s.
1031 408 1363 458 BERNAnno
1412 414 1553 459 Asa.
1607 413 1991 461 CLARAvAtJ„
2457 399 2583 462 547

99 498 340 569 adhuc
390 497 764 566 timeretis:
818 509 1072 566 aestate
1119 498 1433 586 proxima
1485 498 1848 567 imminere
1914 498 2084 566 mihi
2145 498 2401 569 credite
2450 500 2662 588 hujus

101 589 421 678 corporis
469 585 1017 655 dissolutionem.
1058 608 1093 651 »
1141 590 1219 654 At
1272 608 1482 673 quam
1539 587 1888 656 evidenter
1950 588 2224 676 proprio
2283 587 2662 660 didicimus

102 677 576 766 experimento
618 729 628 750 ,
680 673 862 762 quod
914 673 998 743 de
1047 675 1306 746 sanctis
1353 676 1692 765 Apostolis
1746 676 2111 765 Evangelia
2158 698 2356 745 sacra
2407 689 2663 746 testan-

105 780 245 845 tur,
282 763 463 852 quod
495 763 664 832 dum
696 785 891 833 suam
926 763 1026 832 eis
1077 763 1494 853 praediceret
1531 768 1858 834 Dominus
1896 766 2308 853 passionem,
2339 779 2482 836 erat
2514 789 2660 834 ver-

103 855 276 924 bum
326 852 807 922 absconditum
857 851 943 920 ab
989 852 1114 934 eis,
1148 864 1215 922 et
1260 875 1502 943 capere
1538 875 1671 923 non
1710 853 2044 923 valebant.
2100 854 2435 923 Nimirum
2473 855 2657 942 quod

112 957 250 1013 tam
303 942 735 1011 vehementer
781 941 1100 1011 horrebat
1148 941 1448 1024 animus,
1503 942 1739 1011 minus
1768 942 1967 1011 facile
2004 942 2548 1032 persuadebatur
2579 958 2658 1014 ut

108 1031 457 1101 crederet:
531 1030 929 1121 praesertim
996 1053 1158 1100 cum
1220 1042 1284 1100 et
1341 1031 1488 1120 ipse
1551 1032 1981 1121 compatiens
2028 1031 2238 1113 filiis,
2308 1032 2656 1122 ejusmodi

110 1120 316 1190 verba
364 1120 849 1211 supprimeret.
891 1123 1241 1189 Caeterum
1273 1118 1471 1189 factis
1504 1120 2019 1207 quodammodo
2058 1121 2394 1199 clamans,
2432 1125 2655 1209 Opera

107 1209 638 1290 consummavi,
692 1229 869 1295 quae
916 1207 1105 1277 dedit
1169 1208 1338 1277 mihi
1407 1214 1601 1278 Pater
1660 1221 1737 1278 ut
1783 1209 2073 1278 facerem
2107 1263 2126 1290 ,
2183 1231 2264 1278 ac
2324 1211 2546 1300 magis
2592 1223 2658 1279 et

109 1299 335 1389 magis
380 1312 575 1367 actus
608 1297 941 1376 omittere,
995 1297 1280 1367 affectus
1311 1297 1677 1378 retrahere,
1720 1311 1785 1367 et
1824 1320 2176 1368 sacrorum
2218 1297 2503 1368 funibus
2536 1298 2658 1367 de-

107 1387 520 1457 sideriorum
564 1385 802 1456 sedula
841 1385 1216 1455 intentione
1264 1387 1653 1476 praejactis,
1711 1386 1934 1456 vicino
1975 1388 2121 1474 jam
2160 1387 2339 1457 litori
2377 1387 2657 1457 haerere

106 1476 406 1556 firmiuS,
460 1474 1029 1562 commodiusque
1076 1475 1449 1564 applicare.
1506 1476 1809 1564 Denique
1860 1499 2018 1546 cum
2077 1475 2487 1545 venerabilis
2535 1498 2662 1544 an-

108 1567 301 1636 tistes
351 1564 534 1634 sedis
585 1564 993 1653 Lingonicae
1033 1563 1467 1645 Godefridus,
1506 1564 1592 1634 de
1629 1564 2051 1652 quibusdam
2093 1579 2251 1634 eum
2288 1564 2662 1635 solicitaret

107 1654 419 1746 agendis,
473 1665 538 1722 et
588 1652 820 1722 minus
868 1675 1215 1742 apponere
1262 1653 1575 1723 animum
1614 1655 2005 1723 miraretur:
2039 1658 2187 1724 «Ne
2224 1654 2516 1734 mireriS,
2556 1654 2663 1722 in-

107 1745 258 1830 quit
290 1768 304 1811 :
357 1764 484 1832 ego
522 1742 705 1810 enim
732 1742 879 1831 jam
933 1763 1068 1810 non
1101 1765 1256 1811 sum
1295 1742 1380 1812 de
1411 1742 1538 1812 hoc
1569 1742 1899 1812 mundo.»

197 1835 233 1920 ξ
284 1839 417 1904 n.
472 1831 721 1899 Videns
769 1841 997 1899 autem
1042 1843 1234 1920 pater
1274 1843 1577 1910 sanctus,
1634 1832 2140 1920 compassionis
2170 1842 2234 1900 et
2276 1830 2660 1900 misericor-

113 1920 270 1990 diae
322 1921 698 1989 visceribus
753 1918 1084 2000 affluens,
1138 1920 1588 1991 charissimos
1637 1921 1771 1990 sibi
1821 1920 2062 1990 fratres
2110 1932 2174 1989 et
2221 1919 2403 1989 filios
2455 1919 2662 1989 mise-

119 2008 426 2078 rabiliter
463 2007 835 2078 admodum
890 2008 1312 2078 tabescentes
1359 2021 1423 2078 et
1470 2023 1857 2079 arescentes
1923 2031 2083 2099 prae
2134 2009 2376 2078 timore
2433 2021 2498 2077 et
2543 2030 2658 2078 ex-

168 2097 499 2166 ectatione
560 2098 991 2187 jamjamque
1062 2098 1490 2168 imminentis
1560 2097 2007 2168 desolationis
2079 2098 2526 2197 gravissimae
2596 2108 2661 2166 et

149 2185 580 2254 amentabilis
627 2186 961 2266 orbitatiS,
1015 2184 1444 2256 dulcissimis
1490 2209 1606 2257 eos
1654 2186 2244 2257 consolationibus
2285 2186 2656 2256 refovebat:

118 2287 181 2342 et
215 2296 497 2344 monens
528 2297 642 2344 eos
691 2275 759 2344 in
814 2286 957 2344 tuto
991 2273 1265 2344 divinae
1303 2275 1710 2345 clementiae
1758 2276 1922 2345 sinu
1974 2276 2114 2363 spei
2160 2275 2459 2361 fideique
2493 2296 2659 2344 suae

124 2384 436 2432 ancoram
511 2386 628 2453 per
692 2363 1293 2432 inconvulsibilem
1357 2365 1761 2434 charitatem
1835 2365 2105 2434 firmius
2169 2363 2529 2440 radicare,
2587 2385 2661 2433 se

120 2472 383 2540 quoque
445 2451 878 2543 promittebat
943 2474 1066 2522 nec
1117 2464 1266 2543 post
1318 2466 1600 2524 mortem
1652 2453 1752 2523 eis
1801 2452 2177 2540 aliquando
2226 2451 2653 2522 defuturum.

123 2543 525 2631 propensius
572 2555 827 2622 autem,
879 2563 1089 2628 quam
1143 2555 1373 2614 noster
1419 2556 1624 2630 queat
1670 2544 2054 2632 exprimere
2104 2565 2351 2624 sermo,
2409 2563 2659 2632 rogans

119 2632 619 2717 obsecransque
671 2651 789 2720 per
840 2629 1092 2700 multas
1141 2631 1507 2720 lacrymas,
1569 2632 1881 2701 timorem
1936 2632 2050 2700 Dei
2096 2645 2160 2701 et
2192 2652 2425 2699 sacrae
2469 2630 2661 2720 puri-

122 2719 266 2787 tatis
297 2742 376 2788 ac
410 2720 617 2788 totius
659 2717 1095 2809 perfectionis
1124 2742 1429 2789 amorem
1474 2721 1728 2789 nostris
1760 2720 2129 2788 immittere
2161 2733 2225 2788 et
2259 2719 2660 2809 imprimere

120 2808 362 2878 animis
397 2808 799 2877 conabatur.
853 2807 980 2877 Sed
1029 2820 1097 2876 et
1145 2809 1514 2890 monebat,
1569 2821 1634 2878 et
1680 2831 1842 2878 curn
1895 2807 2220 2895 lacrymis
2268 2807 2660 2877 obtestaba-

124 2907 244 2977 tur,
290 2910 364 2965 ut
414 2896 471 2963 si
520 2896 687 2983 quid
738 2897 907 2966 sorte
957 2897 1226 2966 virtutis
1282 2913 1401 2968 aut
1443 2897 1758 2988 exemplo
1811 2898 2008 2968 nobis
2056 2896 2653 2975 commendasset,

124 2997 232 3053 aut
279 2985 481 3054 verbo
513 3040 527 3063 ‚
584 2985 648 3053 id
709 2984 1245 3066 aemularemur,
1304 2985 1369 3054 id
1424 2986 1715 3056 firmiter
1764 2999 2156 3057 teneremus
2188 2998 2321 3067 ,et
2370 2984 2658 3075 profice-

126 3093 344 3145 remus
385 3074 455 3142 in
491 3094 615 3141 eo:
670 3074 827 3144 aliis
864 3074 1444 3160 quidemssverbis,
1500 3075 1617 3146 sed
1668 3075 1904 3145 eodem
1959 3076 2212 3166 spiritu
2259 3074 2432 3144 illud
2486 3080 2658 3164 Apo-

128 3162 428 3231 stolicum
484 3161 809 3249 loquens:
848 3168 1188 3253 Roqamus
1233 3187 1345 3233 vos
1375 3175 1439 3233 et
1476 3166 1895 3234 obsecramus
1930 3167 2002 3234 in
2042 3167 2324 3239 Domino
2361 3170 2545 3243 Jesu,
2572 3174 2661 3233 ut

129 3252 673 3337 quemadmodum
705 3255 1052 3343 accepi-stas
1085 3277 1128 3321 a
1183 3255 1388 3333 nobis,
1427 3255 1752 3345 quomodo
1798 3276 1911 3322 vos
1962 3265 2259 3345 oporteat
2308 3255 2661 3322 ambulare

128 3347 183 3404 et
215 3343 473 3428 placere
527 3346 656 3410 Deo
702 3364 824 3431 per
869 3343 1118 3420 omnia,
1168 3343 1265 3411 sic
1316 3352 1378 3411 et
1442 3344 1847 3422 ambuletis,
1910 3354 1985 3411 ut
2036 3344 2387 3412 abundetis
2437 3366 2562 3429 ma‘
2605 3344 2660 3409 is

129 3424 217 3511 (l.
247 3430 453 3498 Thess.
487 3430 603 3517 ιν).
633 3434 847 3517 Atque
878 3430 1144 3499 utinam
1178 3444 1310 3500 tam
1341 3429 1710 3501 efficaciter
1753 3433 2202 3521 persuaserit,
2250 3453 2459 3518 quam
2502 3453 2540 3498 a
2594 3452 2662 3499 e-

137 3524 348 3586 ctuose
386 3519 626 3589 suasit.

215 3605 248 3689 ξ
296 3612 430 3689 12.
486 3608 758 3677 Modum
810 3620 1040 3677 autem
1091 3608 1550 3698 aegritudinis
1581 3608 1733 3697 ejus
1780 3608 1835 3676 si
1865 3608 2025 3695 quis
2058 3630 2259 3677 nosse
2286 3608 2654 3686 desiderat,

144 3704 300 3761 extat
343 3697 636 3786 Epistola
670 3750 685 3777 ,
738 3716 947 3782 quam
998 3695 1082 3764 ad
1133 3697 1439 3766 amicum
1490 3697 1864 3785 quemdam
1921 3697 2363 3785 paucissimis
2411 3696 2658 3764 diebus

146 3791 282 3875 ante
325 3806 580 3855 sacram
631 3807 672 3854 a
721 3784 922 3854 nobis
970 3784 1456 3874 profectionem
1509 3808 1708 3855 suam
1760 3787 1906 3875 ipse
1956 3785 2257 3854 dictavit.
2300 3790 2516 3866 Quam
2555 3784 2661 3851 ni-

154 3884 376 3958 mlrum
424 3875 584 3944 huic
635 3873 1010 3943 narrationi
1062 3887 1332 3944 nostrae
1367 3873 1698 3944 duximus
1748 3874 2211 3953 inserendam,
2252 3872 2434 3960 quod
2470 3871 2661 3939 vide-

152 3946 289 4021 licet
321 3964 429 4029 etsi
462 3964 685 4032 aliena
734 3984 1008 4050 quoque
1047 3962 1133 4032 de
1182 3964 1357 4053 ipso,
1412 3963 1719 4064 amplius
1768 3976 1996 4031 tamen
2035 3986 2158 4032 nos
2202 3963 2422 4052 ipsius
2462 3960 2544 4028 de
2587 3982 2660 4029 sc

154 4042 356 4125 verba,
402 4051 752 4121 delectent.
792 4074 827 4118 «
862 4053 1309 4139 Suscepimus
1357 4052 1762 4122 charitatem
1808 4065 2096 4120 vestram
2154 4052 2220 4119 in
2279 4050 2653 4129 charitate,

152 4136 211 4191 et
239 4148 355 4229 non
404 4138 463 4207 in
515 4142 876 4232 voluptate
918 4146 1103 4222 Quae
1135 4141 1318 4209 enim
1357 4139 1692 4231 voluptaS,
1751 4141 1868 4209 ubi
1921 4153 2134 4209 totum
2174 4140 2307 4210 sibi
2345 4137 2661 4207 vendicat

156 4227 546 4310 amaritudo?
593 4231 734 4301 Nisi
782 4229 966 4318 quod
1017 4229 1244 4300 solum
1297 4229 1469 4297 nihil
1521 4230 1905 4307 comedere,
1956 4242 2331 4315 utcumque
2366 4228 2661 4297 delecta-

157 4298 281 4369 bile
335 4324 441 4381 est.
491 4324 781 4389 Somnus
833 4320 1110 4388 recessit
1165 4342 1206 4388 a
1250 4340 1356 4387 me
1393 4373 1408 4398 ,
1471 4341 1554 4386 ne
1618 4318 1717 4387 vel
1770 4318 2103 4388 beneficio
2154 4317 2355 4407 sopiti
2409 4339 2660 4386 sensus

157 4387 334 4485 dolor
371 4420 654 4491 unquam
709 4408 999 4477 recedat.
1057 4407 1366 4478 Defectus
1418 4407 1756 4477 stomachi
1808 4407 1945 4477 fere
1996 4420 2206 4476 totum
2240 4462 2254 4488 ‚
2299 4405 2483 4493 quod
2540 4429 2657 4494 pn-

161 4489 298 4560 t1or,
335 4500 442 4555 est.
493 4498 890 4584 Frequenter
942 4497 1013 4567 in
1064 4498 1175 4567 die
1222 4511 1286 4569 et
1346 4497 1410 4567 in
1468 4510 1660 4568 nocte
1708 4497 1917 4587 exigit
1965 4496 2335 4567 confortari
2388 4496 2658 4567 modico
