3308 5004
139 348 327 416 AUG.
383 350 410 413 l
850 367 930 414 nr.
974 366 1240 416 carmus
1286 369 1363 415 nr
1408 365 1640 416 emmo
1691 368 1747 415 s.
1802 364 1986 415 rssrar
2525 349 2605 414 13

141 469 417 529 eorum,
468 470 509 515 a
555 446 816 533 quibus
862 449 1266 518 servabatur
1296 503 1311 529 ,
1378 449 1732 519 custodias
1805 447 2261 539 praeterisset,
2317 461 2383 517 et
2430 461 2696 538 portam

141 549 386 626 sponte
428 534 831 625 patefactam
870 538 1252 607 transisset.
1305 537 1575 621 Quibus
1601 540 1813 608 rebus
1845 535 2331 626 perterrefacti,
2366 549 2433 606 et
2479 536 2703 606 admi-

143 624 344 695 rabili
406 626 802 695 narratione
869 624 986 694 illa
1046 626 1371 716 perculsi,
1410 626 1596 717 apud
1650 626 1914 716 seipsos
1992 647 2127 695 non
2188 626 2495 716 amplius
2552 647 2704 696 esse

140 713 578 793 videbantur,
634 712 890 803 gaudio
950 736 1106 784 cum
1169 715 1629 785 admiratione
1683 715 2092 804 conjuncto,
2144 726 2210 784 et
2268 715 2546 785 duobus
2592 714 2704 783 his

139 804 506 883 affectibus
561 802 719 872 illos
779 803 1285 874 obsidentibus.
1342 804 1537 875 Tales
1575 805 1763 874 enim
1840 816 2004 872 sunt
2072 824 2205 885 reS,
2257 825 2436 891 quae
2482 826 2523 873 a
2573 809 2705 872 Deo

142 892 725 983 proficiscuntur:
786 892 1049 982 quippe
1096 893 1218 980 qui
1270 915 1490 981 neque
1558 893 1816 963 laetitia
1872 892 2093 962 nimia
2150 892 2470 962 homines
2516 892 2706 983 ipsos

143 980 624 1051 dissolutiores
658 980 831 1061 fieri,
874 1002 1094 1068 neque
1122 993 1398 1072 propter
1448 981 1865 1052 miraculum
1904 981 1990 1050 ad
2027 981 2321 1051 nimium
2352 993 2462 1051 stu
2516 1003 2704 1051 orem

144 1069 286 1139 labi
356 1070 724 1159 permittit:
798 1069 917 1140 sed
970 1070 1228 1159 gaudio
1291 1071 1609 1154 animum
1662 1070 1910 1159 erigit,
1963 1085 2029 1140 et
2076 1069 2160 1138 ad
2228 1071 2433 1140 ‘ucun
2492 1071 2705 1140 iorem

144 1172 403 1229 statum
450 1158 793 1228 traducit:
845 1158 1307 1229 admiratione
1345 1173 1575 1230 autem
1629 1183 1710 1230 ac
1745 1174 2026 1249 stupore
2057 1158 2214 1227 cohi
2265 1172 2354 1240 et,
2412 1180 2496 1227 ne
2529 1158 2708 1228 ulte-

146 1248 299 1348 rius
348 1246 868 1337 progrediatur:
907 1247 1207 1335 denique
1256 1260 1550 1336 utraque
1591 1271 1663 1319 re
1713 1248 2063 1318 hominem
2114 1248 2349 1338 ipsum
2401 1247 2471 1316 in
2522 1269 2710 1317 com-

148 1348 377 1427 posito
414 1349 600 1405 statu
633 1348 1021 1406 conservat.

235 1426 273 1512 ξ
320 1428 474 1496 lo.
546 1429 684 1495 Hoc
736 1424 885 1495 loco
932 1425 1131 1495 velim
1206 1425 1604 1496 consideres
1652 1424 1952 1516 Apostoli
2014 1437 2310 1495 mentem
2383 1424 2469 1494 ab
2517 1426 2709 1494 omni

147 1514 480 1615 superbia
508 1527 573 1583 et
603 1513 985 1584 ambitione
1016 1514 1342 1595 alienam,
1373 1515 1664 1605 ejusque
1716 1515 2119 1584 modestiam
2171 1514 2704 1584 animadvertas:

145 1624 410 1703 quippe
455 1603 578 1689 qui
619 1602 960 1673 miraculo
1010 1603 1129 1673 illo
1160 1626 1292 1673 non
1338 1605 1431 1674 ita
1461 1604 1685 1673 elatus
1732 1616 1857 1684 est,
1903 1616 1980 1673 ut
2031 1603 2260 1693 ipsum
2315 1602 2481 1672 tuba
2531 1604 2711 1672 ceci-

148 1704 355 1772 nerit,
398 1691 584 1778 quod
628 1690 914 1763 fortasse
946 1692 1129 1762 alius
1175 1693 1484 1763 fecisset:
1517 1715 1652 1763 non
1706 1691 2209 1782 praeclarailla
2257 1689 2432 1761 facta
2481 1705 2711 1762 osten-

149 1796 328 1861 tanS,
383 1801 469 1850 su
527 1803 602 1849 ra
636 1793 811 1850 tecta
859 1781 1303 1872 praedicavit,
1360 1803 1495 1851 non
1555 1803 1721 1873 prae
1770 1780 2025 1851 laetitia
2074 1802 2215 1850 rem
2268 1781 2491 1871 ipsam
2559 1803 2714 1851 om-

146 1868 362 1939 nibus
403 1892 480 1938 ve
512 1883 591 1939 ut
636 1870 1079 1959 triumphans
1148 1870 1554 1961 propalavit,
1617 1884 1739 1940 aut
1783 1892 1945 1939 cum
1998 1869 2380 1961 peregrinis
2418 1883 2485 1939 et
2532 1870 2714 1941 notis

148 1957 565 2028 hominibus
610 1980 690 2028 ea
729 1959 1318 2029 communicavit:
1372 1959 1491 2030 sed
1543 1981 1759 2029 manu
1807 1957 2158 2029 silentium
2226 1957 2564 2040 indicenS,
2603 1958 2714 2029 his

149 2047 346 2127 solis,
403 2048 528 2133 qui
572 2046 645 2117 in
694 2047 996 2117 Ecclesia
1044 2061 1263 2130 erant,
1316 2048 1698 2119 summissa
1746 2069 1907 2117 voce
1955 2046 2212 2118 factum
2270 2047 2708 2138 significavit.

152 2158 277 2226 per
322 2157 503 2222 quos
538 2137 818 2217 Jacobo‚
875 2150 941 2206 et
990 2137 1076 2207 iis
1114 2138 1238 2225 qui
1284 2160 1446 2207 curn
1496 2159 1578 2208 eo
1623 2150 1844 2217 erant,
1889 2158 2030 2206 rem
2076 2135 2545 2205 nunciandam
2596 2158 2716 2206 cu-

150 2224 367 2293 ravit:
410 2237 485 2293 ut
513 2248 675 2295 cum
723 2224 1175 2307 audivissent,
1212 2226 1543 2314 qualibus
1571 2226 1870 2296 vinculis
1907 2240 2177 2315 praeter
2204 2247 2398 2315 spem
2439 2239 2717 2316 ereptus

151 2314 403 2392 fuerat,
460 2314 682 2404 magis
732 2315 1092 2405 magisque
1152 2316 1238 2384 ad
1289 2315 1452 2385 fidei
1518 2315 2103 2416 praedicationem
2170 2314 2707 2395 incumberent,

157 2400 658 2471 miraculorum
718 2424 840 2493 spe
887 2404 1348 2474 corroborati:
1413 2426 1675 2492 quique
1721 2427 1762 2474 a
1807 2403 2100 2473 Judaiea
2175 2402 2579 2473 infidelitate
2627 2403 2715 2473 ad

155 2489 409 2561 Christi
461 2489 667 2561 fidem
709 2514 933 2594 nuper
968 2493 1305 2575 conversi,
1358 2506 1421 2564 et
1469 2493 1746 2564 divinae
1793 2491 2214 2582 cognitionis
2255 2490 2522 2563 lumine
2554 2492 2720 2563 illu-

158 2579 408 2650 minati
455 2579 754 2661 fuerant,
811 2581 913 2651 illi
960 2582 1201 2653 eadem
1250 2604 1462 2674 opera
1494 2582 1923 2663 confirmari,
1977 2595 2043 2650 et
2091 2581 2151 2649 si
2199 2602 2408 2667 quam
2464 2581 2550 2651 de
2604 2583 2721 2651 Dei

154 2667 295 2738 fide
342 2669 417 2738 in
467 2669 707 2739 animo
762 2669 1078 2741 latentem
1129 2671 1631 2742 dubitationem
1683 2671 2056 2751 haberent,
2121 2669 2209 2738 ab
2251 2668 2369 2738 illa
2417 2671 2720 2740 revocari

157 2768 463 2847 possent,
517 2771 585 2828 et
632 2757 702 2827 in
737 2758 1078 2829 bonarum
1109 2782 1339 2831 rerum
1378 2760 1882 2852 perseverantia
1924 2758 2265 2829 firmiores
2299 2772 2552 2828 essent.
2588 2759 2716 2829 Sed

155 2867 199 2915 o
250 2846 466 2916 animi
513 2848 1084 2930 excaecationem,
1129 2871 1309 2937 quae
1358 2850 1647 2920 Herodis
1698 2859 1994 2918 mentem
2037 2846 2445 2938 corripiens,
2500 2859 2718 2919 totum

158 2933 366 3003 illum
417 2934 511 3005 ita
559 2958 648 3026 op
704 2938 926 3018 ressit‚
980 2949 1058 3008 ut
1108 2939 1453 3009 obstinato
1482 2939 1757 3017 animo,
1800 2936 2322 3016 miraculorum,
2375 2959 2600 3024 quae·
2647 2960 2722 3007 er

159 3022 562 3123 Apostolum
613 3047 651 3094 e
703 3038 850 3096 ecta
895 3025 1193 3107 fuerant,
1232 3028 1605 3119 potentiam
1650 3047 1787 3096 non
1819 3026 2379 3097 consideraverit.
2436 3031 2604 3097 Dece
2654 3039 2725 3096 at

161 3133 346 3181 enim
384 3112 871 3185 admirabilem
911 3116 1212 3206 Apostoli
1263 3117 1437 3186 Petri
1472 3116 1951 3186 liberationem
2002 3138 2085 3186 ex
2131 3114 2543 3186 custodibus
2572 3170 2589 3197 ‚
2642 3137 2724 3185 ex

161 3202 469 3282 catenis,
542 3202 842 3291 denique
878 3224 961 3274 ex
1017 3203 1286 3277 foribus
1343 3205 1574 3296 sigillo
1625 3205 1964 3295 impresso
2034 3203 2294 3275 clausis
2355 3217 2541 3273 certa
2587 3203 2725 3274 fide

163 3291 517 3379 prosequi,
571 3312 795 3379 neque
844 3292 1263 3384 negligentia
1310 3293 1544 3382 aliqua
1598 3292 1857 3364 factum
1917 3293 2232 3374 credere,
2298 3303 2375 3362 ut
2420 3292 2487 3361 id
2539 3293 2726 3363 acei-

162 3377 355 3448 deret
384 3402 400 3446 :
436 3378 556 3450 sed
605 3381 842 3451 animo
873 3383 1315 3464 commoveri,
1354 3396 1561 3470 atque
1598 3383 2026 3464 erubescere,
2062 3394 2128 3452 et
2157 3380 2607 3470 resipiscere:
2658 3396 2726 3452 et

162 3467 221 3535 si
275 3489 421 3567 non
455 3483 688 3559 aperte
739 3483 1014 3560 propter
1058 3472 1488 3543 Judaeorum
1537 3472 1606 3540 in
1665 3470 2061 3562 Apostolum
2119 3471 2351 3571 ipsum
2415 3469 2723 3541 furorem

162 3567 376 3656 atque
404 3558 775 3639 insaniam,
807 3558 1044 3630 saltem
1066 3561 1302 3631 animo
1329 3560 1750 3631 miraculum
1775 3559 1947 3630 illud
1977 3559 2171 3652 prodi
2229 3558 2450 3630 iosum
2486 3581 2722 3630 secum

164 3643 506 3714 admirari
554 3660 761 3735 atque
787 3648 1295 3739 obstupescere,
1331 3662 1397 3721 et
1428 3672 1471 3719 a
1515 3649 1888 3719 caedendis
1926 3648 2196 3720 custodi
2251 3669 2335 3717 us
2367 3647 2721 3718 desistere.

165 3737 418 3802 Verum
470 3734 614 3816 ille,
677 3750 755 3807 ut
800 3738 957 3824 ejus
1025 3736 1345 3810 ferocitas
1390 3751 1598 3825 atque
1645 3738 2128 3809 inhumanitas
2198 3737 2424 3826 magis
2469 3759 2550 3807 co
2604 3758 2728 3806 no-

166 3835 504 3904 sceretur,
558 3825 959 3898 innocentes
1006 3826 1324 3898 homines
1387 3827 1631 3898 mortis
1699 3826 2076 3898 sententiae
2120 3826 2464 3913 subjecit,
2517 3827 2538 3895 i
2592 3849 2729 3914 que

165 3932 330 3982 cum
380 3911 487 3981 illi
527 3913 597 3983 in
646 3914 963 4005 Apostolo
994 3917 1269 3988 cautius
1317 3916 1775 3987 custodiendo
1823 3916 1995 3986 nihil
2047 3915 2507 3986 aberrassent.
2557 3919 2725 3986 Cum

165 3999 354 4069 enim
408 4002 712 4073 Herodes
759 4004 909 4095 ipse
956 4002 1259 4075 furorem
1327 4027 1537 4076 suum
1591 4006 1661 4074 in
1729 4004 2130 4096 Apostolum
2194 4003 2595 4085 effundere,
2664 4017 2733 4074 et

170 4086 467 4190 ferocem
518 4092 835 4162 animum
898 4093 1283 4183 Apostolica
1328 4094 1539 4165 caede
1599 4096 1851 4165 satiare
1902 4115 2037 4164 non
2102 4092 2488 4183 potuisset,
2541 4093 2728 4179 quod

175 4199 570 4277 proximum
618 4179 773 4265 fuit,
814 4181 883 4251 in
924 4183 1247 4254 custodes
1295 4183 1489 4266 illos,
1551 4183 1646 4254 ita
1713 4196 1787 4255 ut
1847 4195 1993 4253 erat
2065 4182 2382 4263 insanus,
2436 4194 2728 4252 mortem

175 4265 431 4338 intulit.

254 4358 293 4445 5
342 4361 476 4431 n.
529 4357 728 4442 Quod
777 4358 839 4430 si
885 4360 1251 4451 Apostolus
1307 4359 1466 4434 illos
1503 4361 1720 4452 ipsos,
1774 4359 1896 4448 qui
1943 4359 2097 4452 ejus
2136 4362 2353 4430 causa
2398 4358 2732 4430 condem-

184 4445 311 4516 nati
344 4444 646 4532 fuerant,
687 4448 1026 4521 miraculo
1058 4450 1295 4540 aliquo
1325 4449 1505 4523 facto
1533 4473 1576 4523 a
1612 4462 1830 4522 morte
1858 4470 1994 4521 non
2036 4449 2375 4532 liberavit,
2418 4449 2732 4539 quaestio
